1804 3028
832 170 964 184 “······
1231 187 1235 193 -
1552 162 1575 211 3
1587 161 1613 216 5

182 255 319 304 cerni
351 254 487 319 poffe,
511 253 781 316 'apparebit:
834 253 887 301 in
920 253 992 301 his
1023 252 1213 314 quidem
1238 254 1329 299 tria
1359 254 1612 317 integriora,

186 336 337 372 vnum
349 323 557 384 Apollinis
578 321 692 368 Delii
713 323 783 383 (v.
808 336 865 383 19
887 347 948 355 —
972 321 1109 382 178.)
1140 322 1341 370 alterum
1362 320 1552 382 Delphici
1576 321 1612 370 s.

187 389 337 454 Pythii
372 391 443 452 (v.
472 402 570 451 207
585 414 646 423 —
663 390 804 452 387.)
847 392 1042 437 tertium
1064 386 1272 448 Apollinis
1290 390 1504 451 Delphinis*
1536 390 1615 449 (v.

192 469 285 522 388
302 484 364 493 -——
387 458 504 522 546)
536 458 696 506 laudes
724 457 1034 506 celebrantia:
1071 455 1153 502 duo
1170 458 1374 513 breuiora,
1409 461 1461 507 in
1496 475 1617 521 quo-

187 542 293 576 rum
319 526 466 574 altero
488 529 670 575 canitur
699 525 820 571 Deus
843 526 953 572 inter
974 523 1118 571 Diuos
1146 532 1332 585 receptus
1357 541 1402 573 v.
1425 543 1443 574 1
1465 553 1498 563 -·
1524 535 1580 583 18
1598 545 1616 580 ;

186 596 335 642 altero
363 595 466 640 idem
498 596 542 640 in
576 594 771 655 Olympo,
800 594 922 660 inque
955 591 1151 653 leffg'ffimo
1184 593 1492 639 Immortatium
1525 609 1618 640 cou-

169 662 325 724 jortio,
359 662 566 711 Muficae-
594 662 886 725 saltandique
923 664 1035 711 artis
1069 661 1421 711 obleetamentis
1457 661 1617 710 indul-

185 745 317 791 gens.
363 746 408 777 v.
444 735 734 792 179—206.
1086 736 1088 739 ’

503 893 575 947 II.
657 893 864 965 Hymnus
913 896 959 946 in
1002 892 1292 947 Mercurium.

339 981 413 1030 De
443 996 720 1043 argumento
764 983 903 1031 huius
936 982 1104 1043 hymni
1140 981 1357 1030 vniuerse
1387 983 1481 1030 iam
1518 981 1625 1030 mo->¹

187 1050 285 1097 nui.
357 1051 526 1097 Poetae
560 1049 842 1111 propositum
873 1049 975 1105 fuit,
1003 1050 1197 1096 natalitia
1218 1049 1303 1096 Dei
1334 1051 1621 1113 praedicare.

187 1118 418 1164 Inuocata
448 1119 591 1178 igitur
610 1117 761 1171 Musa,
778 1130 950 1170 narrat,
966 1119 1256 1165 Mercurium
1277 1136 1303 1165 e
1326 1118 1623 1167 clandestino

186 1185 305 1229 Iouis
339 1200 447 1232 cum
477 1182 602 1228 Maia
633 1184 868 1245 (Atlantis
899 1181 1296 1245 filia)congreffu,
1330 1186 1381 1232 in
1418 1185 1622 1248 Cyllenio,

186 1252 414 1302 Arcadiae
452 1265 626 1306 monte,
663 1267 849 1307 natum,
893 1268 1032 1306 mox,
1082 1254 1228 1299 >cunis
1262 1252 1389 1300 vltro
1427 1254 1620 1307 relictis,

184 1320 246 1363 ad
289 1316 573 1379 investiganda
616 1317 822 1377 Apollinis
858 1326 1050 1364 armenta
1088 1330 1224 1366 antro
1262 1318 1511 1380 egressum,
1564 1323 1620 1368 iri

184 1382 423 1444 testudinem
453 1385 657 1432 incidifl'e
696 1411 757 1418 —-
796 1403 841 1433 v.
872 1401 951 1448 24.
1020 1384 1202 1433 Inserto
1246 1384 1323 1432 hic
1361 1387 1525 1440 breui,
1560 1388 1621 1434 de

186 1453 365 1500 cithara
397 1454 609 1508 inuenta,
639 1451 922 1514 episodio—
956 1468 1002 1500 v.
1040 1456 1118 1516 64.
1145 1454 1192 1508 z)
1222 1453 1315 1500 Dei
1337 1453 1394 1500 ad
1418 1453 1623 1502 Pieriam

186 1519 503 1581 vespertinum
535 1524 623 1568 iter
663 1519 949 1568 describitur.
1050 1520 1122 1567 Ibi
1160 1518 1401 1582 pascentes
1439 1523 1625 1583 Apolli-

188 1590 265 1636 nis
300 1605 485 1643 vaccas,
546 1591 885 1650 quinquaginta
924 1604 1143 1642 numero,
1204 1589 1395 1648 abigens
1428 1590 1622 1637 Mercu..

189 1658 313 1711 rius,
363 1656 508 1711 dolis,
575 1670 629 1704 vt
672 1655 860 1719 vestigia
900 1657 1102 1710 celaret,
1167 1655 1334 1703 callide
1378 1656 1621 1712 adhibitis,

188 1725 432 1780 Arcadiam
466 1723 625 1771 versus
678 1725 839 1785 pellit,
926 1722 1294 1780 commonefacito
1340 1737 1452 1771 ante
1491 1724 1619 1780 sene,

190 1787 403 1846 Onchesti,
430 1790 621 1846 rustico,
658 1791 768 1838 dum
804 1792 1027 1853 praeterit
1060 1792 1216 1844 Deus,
1253 1793 1384 1852 operi
1404 1793 1620 1840 intento:

188 1875 274 1912 ne,
328 1874 466 1920 quem
497 1858 866 1919 deprehendiffet
910 1858 1088 1911 furem,
1141 1858 1359 1917 cuiquam
1392 1860 1621 1906 monstra·-

188 1938 264 1973 ret
297 1950 360 1958 —
395 1943 440 1973 v„
470 1939 546 1987 93.
637 1927 854 1974 Madiatis
893 1926 1005 1973 inde
1052 1925 1232 1972 duabus
1272 1928 1448 1980 vaccis,
1507 1927 1621 1974 reli..

190 1996 296 2054 quis
330 1994 459 2056 Pyli‚
490 1994 548 2041 ad
579 1993 813 2054 Alpheum
848 1994 1038 2047 flumen,
1076 1992 1256 2040 stabulo
1288 1993 1500 2049 inclusis,
1551 2008 1621 2044 ta·-

189 2063 281 2108 cite
310 2075 497 2109 antrum
525 2061 747 2124 ingreffus
782 2059 898 2124 puer
932 2062 1148 2115 diuinus,
1184 2063 1233 2107 in
1265 2062 1501 2109 cunabula
1530 2065 1620 2110 ite-

188 2145 296 2178 rum
331 2128 376 2177 se
411 2131 595 2184 condit,
641 2130 801 2192 ibique
838 2131 997 2178 matris
1032 2131 1318 2190 increpantis
1353 2128 1502 2190 ipsum
1536 2148 1620 2178 cu-

187 2212 261 2243 ras
295 2197 500 2244 animosa
524 2201 733 2246 oratione
766 2197 956 2258 diffipat.
988 2221 1050 2230 —
1081 2215 1126 2246 v.
1161 2205 1267 2253 181.
1347 2197 1446 2243 Iam
1467 2199 1621 2259 prima

186 2263 352 2312 oborta
382 2265 512 2320 luce,
561 2266 730 2329 Apollo
766 2282 927 2328 greges
966 2281 1197 2327 quaerens
1239 2264 1445 2319 abactos,
1507 2282 1618 2314 cum

933 2334 972 2382 C
1003 2351 1034 2383 2
1510 2336 1619 2382 On-

253 2468 303 2522 ει)
329 2475 381 2509 Ne
405 2468 534 2507 dmum
557 2471 745 2519 episodium
767 2468 917 2508 alienum
941 2470 1008 2508 hoc
1031 2470 1107 2508 loco
1131 2467 1218 2506 forte
1243 2478 1342 2516 putet
1363 2468 1487 2516 aliquis
1501 2496 1510 2510 ‚
1561 2482 1619 2505 co·

338 2534 540 2581 gitandum,
574 2534 665 2568 viam
688 2535 746 2569 fibi
772 2536 820 2569 ita
837 2532 992 2569 muniiffe
1015 2543 1175 2581 poetam,
1220 2542 1288 2577 qua
1313 2531 1459 2566 numina
1484 2530 1542 2565 fibi
1567 2532 1618 2566 iu·

337 2589 450 2630 uicem
473 2593 556 2630 irata
580 2589 617 2629 in
640 2601 794 2631 amorem
812 2597 921 2646 'redire
945 2590 1078 2630 faceret.
1105 2591 1145 2628 cf.
1170 2595 1282 2639 v.418
1301 2590 1371 2640 sqq.
1422 2592 1529 2640 Igitur
1550 2602 1616 2627 nec

334 2656 377 2694 fic
402 2659 488 2705 perit
512 2654 706 2707 argumenti
730 2657 863 2707 saepius
885 2658 1055 2696 inculcata
1078 2655 1196 2695 vnitas.
