1804 3028
229 149 294 199 34

229 243 398 289 intima
427 240 694 287 coniunctio
729 248 777 286 et
797 235 1013 287 affinitas.
1083 238 1337 285 Enimuero
1372 235 1659 286 haecomnia

232 306 317 357 vix
337 309 612 369 quicham,
672 304 754 354 nifi
778 305 824 352 id
857 307 998 353 modo
1014 306 1241 367 probant,
1307 303 1475 364 hymni
1509 305 1659 353 ¹huius

232 377 550 437 fragmentum
577 377 681 423 loco
701 390 922 436 perquam
951 372 1196 421 commodo
1221 390 1248 420 a
1275 373 1477 420 librariis
1509 383 1659 419 attex-

232 457 335 492 tum
359 442 462 491 effe.
570 445 747 492 Contra
776 458 891 489 vero
928 453 1334 504 argumentorum,
1386 455 1525 503 quae
1573 456 1657 499 pro

226 524 362 574 parte
386 529 491 560 mea
512 523 756 574 pugnant3
787 522 842 557 vt
861 508 1115 563 diuersam,
1148 525 1289 570 quam
1334 510 1496 562 innui,
1562 506 1660 554 elo-

227 583 433 628 cutionis
457 580 668 627 indolem
692 579 929 633 omittam,
977 577 1164 625 fabulae
1200 580 1250 624 in
1272 579 1436 624 ceteris
1467 575 1658 638 hymnis

227 648 523 696 obseruatam
567 650 797 695 vnitatem
820 663 907 693 nec
950 660 1335 697 commemorem3
1397 645 1550 692 omnis
1586 644 1659 690 vis

226 729 329 763 tum
348 718 551 763 maxime
573 717 807 768 cernitur,
844 713 876 760 fi
905 709 1151 775 Vtriusque
1180 714 1398 760 carminis
1437 711 1530 758 duo
1559 710 1662 758 loca

225 785 351 831 inter
376 781 423 831 se
460 799 731 845 compares,
767 782 970 831 alterum
1004 798 1049 829 v.
1086 789 1255 843 385——
1274 788 1384 842 387.
1424 781 1429 785 ⁴

293 908 358 917 -—
498 909 564 916 -—
701 907 767 915 --
922 906 985 915 ——-
1147 875 1269 929 ’ἔνθα
1315 874 1354 928 δ’
1364 873 1533 926 ἄνακτι

277 959 468 1017 ’πάντες
504 960 745 1011 ἐπίκλησιν
780 958 1093 1021 Δελφουσί
1104 978 1142 1023 ῳ
1176 945 1500 1020 εὐχετόωντιξᾳ,

290 1036 451 1091 οὕνεκα
479 1039 745 1104 Δελφούσης
793 1037 908 1110 ἱερῆς
940 1036 1113 1107 ᾔσχυνε
1135 1035 1324 1106 fiii-&2120

219 1123 425 1171 alterum
465 1140 511 1169 v.
549 1137 664 1186 495.
711 1127 789 1184 96.

290 1197 352 1260 ὥς
391 1200 495 1264 ἐμοὶ
528 1198 736 1266 εὔχεσθαι
770 1202 1075 1267 Δελφινίῳ.
1117 1202 1278 1271 αὐτάρ
1311 1200 1336 1252 o‘
1366 1202 1536 1266 βωμὸς

290 1284 436 1340 αὐτός
467 1285 769 1346 Δελφίνιος
803 1285 877 1349 χρὴ
909 1282 1107 1350 ἐπόψιος
1134 1282 1324 1335 ’decimu
1346 1284 1449 1338 αἰεί.

221 1389 283 1420 ex
317 1373 491 1434 quibus
519 1389 688 1434 nempe
709 1397 711 1399 ·
734 1373 941 1432 peculiare
973 1371 1148 1433 fingulis
1183 1371 1346 1433 hymnis
1376 1372 1576 1436 confilium
1598 1379 1660 1421 'ac

220 1442 459 1489 rationem
504 1439 644 1487 ineffe
686 1438 824 1487 facile
859 1438 1132 1502 perspicias,
1182 1440 1385 1488 alterum
1422 1440 1654 1503 Apollinis

222 1507 441 1567 Delphici,
484 1508 687 1556 alterum
720 1508 948 1568 Apollinis
976 1507 1188 1567 Dehvhinii
1225 1507 1414 1555 laudem
1454 1510 1656 1570 comple-

221 1577 284 1624 sti
306 1572 388 1637 y).
461 1573 639 1632 Qodfi
675 1577 818 1636 igitur
850 1592 894 1623 v.
927 1584 1037 1636 388.
1069 1575 1197 1623 aliud
1231 1573 1547 1637 fragmentum
1588 1579 1659 1624 ina-

222 1645 377 1705 cipere
409 1641 796 1690 verifimillimum
830 1641 909 1698 fii,
964 1642 1210 1690 exordium
1255 1641 1422 1704 hymni
1464 1642 1656 1706 periisse,

224 1714 424 1772 quisque
455 1727 543 1757 nec
569 1727 643 1757 me
662 1724 886 1758 monente
908 1711 1158 1771 intelliget.
1228 1712 1368 1758 Forte
1393 1714 1535 1759 etiam
1554 1729 1660 1759 vera

224 1777 304 1826 sus
341 1792 436 1824 tres
474 1779 668 1838 priores,
709 1786 879 1838 388—-
899 1793 1009 1839 390,
1033 1778 1089 1824 ab
1118 1795 1200 1832 eo,
1236 1780 1318 1839 qui
1341 1777 1657 1826 diuersahaec

224 1845 519 1906 hymnorum
566 1848 619 1891 in
654 1847 922 1905 Apollinem
967 1845 1228 1907 fragmenta
1265 1847 1456 1908 collegit
1494 1859 1543 1893 et
1579 1848 1658 1893 de-

228 1911 423 1973 scripfit,
472 1911 663 1960 consilio
697 1911 803 1960 satis
844 1914 1012 1967 obuio,
1035 1911 1187 1960 adsuti
1225 1911 1362 1967 sunt;
1412 1930 1505 1976 quo
1547 1930 1656 1960 con-

232 1978 365 2033 cess'o,
400 1983 552 2027 omnis
586 1982 782 2028 rationis
814 1981 974 2035 illius,
1009 1982 1065 2028 ab
1097 1982 1265 2028 intimo
1289 1980 1656 2043 propofitionum

232 2063 363 2094 nexu
387 2052 639 2108 repetitae,
682 2050 753 2095 vis
788 2047 976 2110 prorsus
1007 2046 1254 2095 euanescit.

385 2184 583 2244 Hymno
607 2184 748 2244 igitur
780 2187 844 2232 ita
868 2183 1066 2239 excuffo,
1098 2185 1181 2242 (vt
1204 2186 1359 2246 paucis
1382 2183 1502 2232 dicta
1527 2201 1657 2246 repe-

234 2248 363 2310 tam)
398 2253 611 2313 quinque
644 2267 671 2297 a
712 2249 757 2299 se
799 2255 1010 2301 inuicem
1059 2251 1241 2301 diuersa
1285 2250 1545 2315 fragmenta
1591 2250 1658 2299 se-

1534 2335 1660 2366 cerni

228 2440 233 2480 ζ
303 2439 350 2485 y)
376 2440 504 2485 Apollo
532 2441 731 2485 Delphinius
753 2439 875 2476 scilicet
899 2451 1038 2488 vocatus
1063 2442 1109 2474 est
1132 2453 1152 2475 a
1177 2442 1357 2488 Delphivm,
1391 2441 1489 2474 cuins
1513 2437 1658 2474 assumta

381 2498 493 2534 forma
516 2500 631 2534 nautis
659 2498 865 2545 adparuerat.
916 2505 1048 2537 Verum
1071 2503 1163 2537 hunc
1187 2500 1403 2549 cognominis
1427 2498 1553 2533 sensum
1578 2499 1655 2540 effe,

383 2558 507 2593 docent
531 2559 683 2594 austeres
707 2573 727 2595 a
749 2563 933 2597 Ruhnken.
954 2566 996 2598 V.
1017 2564 1055 2598 C.
1073 2563 1222 2605 laudati,
1243 2567 1299 2608 Ep.
1323 2563 1378 2597 Cr.
1402 2563 1434 2601 1,
1456 2571 1487 2607 p.
1513 2569 1576 2606 25‚
1596 2562 1657 2598 26·

382 2618 423 2654 cf.
448 2622 629 2667 Spanhem.
656 2621 700 2657 ad
725 2622 809 2659 Call.
834 2625 881 2660 H.
907 2624 945 2660 in
968 2626 1035 2672 Ap.
1060 2634 1135 2661 101.
