1804 3028
176 128 242 176 26
822 148 955 162 ---

174 229 458 284 Diodorum,
494 228 769 279 Pausaniam
794 243 843 279 et
865 229 1415 291 Athenaeum,hyrnnor<.
1438 229 1618 283 Home-
1664 274 1674 282 .,

174 299 314 346 ricor.
330 299 621 347 mentionem
633 295 781 350 fecisse
794 297 1022 346 vidimus.-
1034 299 1104 346 Ex
1114 296 1189 349 his
1202 297 1482 346 duumuiros
1507 299 1613 355 qui-

180 364 304 419 dem,
332 362 605 411 Pausaniam
624 377 775 413 aetate
787 366 867 425 qui
881 376 1206 425 praecurrunt,
1205 364 1395 430 fingulos
1405 362 1612 422 hymnos

176 444 367 479 tantum
396 430 615 485 laudare,
646 432 971 485 confitendum
993 432 1083 484 est3
1148 429 1521 491 vniucvfl‘autem
1553 428 1612 475 de

175 501 231 547 iis
251 499 416 556 primus
439 497 641 560 disputat
660 497 923 552 Pausanias,
951 516 1008 546 eo
1030 499 1218 561 quidem
1237 498 1364 551 loco,
1398 514 1494 558 quo
1518 497 1611 543 Or-

175 564 339 626 phicos
366 564 570 627 hymnos
589 580 826 627 comparat
878 582 987 614 cum
1020 566 1313 618 Homericis,
1358 564 1391 610 l.
1412 564 1500 619 IX,
1531 578 1615 623 30,

176 644 294 681 extr.
393 632 534 681 Vnde
566 630 895 695 perspicimus,
935 631 1188 682 Pausaniae
1229 644 1381 680 aetate
1408 628 1610 692 hymno-

174 716 293 748 rum.
309 701 520 748 Homero
545 699 835 755 tributorum
857 718 1106 749 numerum
1136 701 1355 762 aliquem,
1393 715 1490 746 vno
1527 714 1612 747 vo-

175 767 358 815 lumine
383 766 678 830 descriptum,
709 768 936 818 exstitifl'e.
1009 769 1104 828 Sed*
1117 769 1247 816 illam
1274 768 1539 828 congeriem
1554 766 1611 812 ab

174 832 303 889 hac,
324 852 445 896 quae
466 852 526 883 ex
551 837 751 884 Homeri
778 835 1011 885 codicibus
1045 839 1166 898 typis
1210 833 1408 897 repetita
1440 834 1498 882 ad
1522 850 1609 881 nos

174 904 425 962 peruenit,
459 901 689 968 diuersam
720 902 876 957 fuisse,
911 904 992 951 vel
1017 904 1063 949 id
1081 905 1234 964 arguit
1252 937 1265 957 ,
1302 901 1429 963 quod
1442 900 1609 962 hymni

173 970 225 1017 in
250 970 499 1027 Cererem,
531 972 664 1018 cuius
685 970 748 1031 pl.
776 971 827 1017 11.
853 972 1071 1019 meminit
1101 968 1363 1031 Pausanias,
1396 968 1467 1028 (v.
1506 965 1605 1027 sup.

174 1053 220 1097 p.
247 1037 327 1090 10)
363 1049 549 1097 praeter
576 1038 757 1087 exordii
771 1038 873 1082 duos
888 1037 1067 1092 versus,
1087 1038 1340 1085 nullumin
1350 1035 1504 1086 nostra
1521 1033 1609 1082 hac

176 1103 453 1153 colletstione
483 1103 734 1167 vestigium
757 1108 960 1154 occurrit
976 1125 989 1161 ς,
1020 1106 1168 1155 donec
1192 1101 1500 1156 recentiffima
1536 1119 1611 1149 ae·-

174 1184 274 1219 tate
300 1171 511 1234 hymnus
537 1173 646 1227 ille,
669 1172 748 1232 scd
769 1175 814 1217 in
850 1173 928 1218 alio
948 1174 1077 1217 codice
1087 1206 1103 1227 ‚·
1136 1170 1421 1224 Moscouiae‚
1452 1171 1610 1230 aliqua

172 1250 308 1301 parte
346 1251 567 1300 excepta,
618 1239 723 1288 satis
756 1241 939 1301 integer
988 1251 1200 1300 repertus
1240 1237 1318 1288 est.
1421 1236 1608 1286 Deinde

176 1304 476 1359 Athenaeus,
531 1306 589 1352 ad
645 1308 705 1353 H.
750 1310 817 1354 ·in
851 1304 1057 1367 Apollin.
1093 1322 1380 1366 prouocans,
1446 1320 1611 1352 nume-

172 1387 228 1422 ro
260 1374 409 1420 vtitur
432 1372 782 1423 multitudinis:
806 1369 1020 1438 “Opemque
1054 1400 1070 1411 ·
1106 1401 1120 1431 ·,
1152 1369 1189 1420 {v
1216 1370 1317 1427 ,τοῖς
1353 1370 1410 1426 εἰς
1445 1367 1611 1418 Απόλ-

174 1447 306 1492 λωνα,
338 1439 494 1494 ὕμνοις
521 1440 649 1499 φησὶν
680 1442 711 1487 1.
739 1443 775 1494 1,
812 1459 854 1501 p.
894 1458 973 1490 22.
1008 1443 1072 1494 C;
1132 1440 1324 1502 colligas
1353 1439 1463 1487 inde
1497 1440 1611 1486 licet

176 1523 287 1554 eum
310 1505 405 1555 siue
416 1507 576 1567 plures
588 1507 729 1556 huius
740 1509 866 1555 tituli
888 1507 1090 1569 hymnos
1104 1507 1323 1561 habuisse,
1348 1506 1457 1560 fine,
1485 1506 1610 1568 quod

174 1572 292 1623 mihi
317 1574 504 1636 quidem
539 1575 800 1641 probatur,
838 1574 1099 1636 hymnum,
1172 1577 1252 1636 qui
1275 1576 1328 1623 in
1358 1574 1490 1621 libris
1523 1590 1612 1622 no·-

175 1641 291 1696 stris,
318 1658 400 1703 per
418 1644 701 1703 quingentos
729 1643 1035 1705 quadraginta
1060 1646 1271 1705 quinque
1294 1641 1471 1695 versus,
1499 1658 1610 1690 con-

176 1712 314 1758 tinua
332 1707 446 1757 serie
470 1709 701 1765 decurrit,
738 1714 789 1759 in
813 1711 998 1771 plures,
1035 1709 1158 1761 forte
1191 1713 1494 1773 integriores,
1541 1709 1610 1760 di-

175 1776 423 1838 spertitum
447 1777 614 1838 legiffe.
687 1780 943 1825 Enimuero
979 1797 1039 1826 ne
1072 1779 1297 1833 Diodori,
1335 1781 1450 1840 quin
1474 1776 1611 1825 Thu-
1644 1830 1646 1832 ,

176 1844 356 1906 cydidis
387 1846 479 1892 iam
513 1857 681 1899 aetate,
714 1844 917 1906 hymnos
937 1847 1116 1907 aliquot
1137 1849 1187 1894 in
1217 1863 1365 1895 vnum
1389 1845 1609 1896 οοΠεᾶοε

176 1911 332 1964 fuiffe,
359 1914 622 1971 opinemur,
658 1914 769 1973 quid
792 1915 962 1961 vetat?
994 1914 1137 1971 Quod
1160 1912 1193 1961 fi
1215 1916 1318 1975 quis
1340 1914 1457 1961 mihi
1470 1913 1612 1973 largi-

178 1991 300 2031 atur,
338 1994 425 2027 nec
445 1978 502 2025 de
523 1996 579 2026 eo
593 1979 791 2040 amplius
812 1980 998 2030 dubitet
1015 1983 1070 2035 is,
1107 1980 1411 2042 hymnorum,
1437 1981 1610 2042 quibus.

177 2050 392 2095 auc‘kores
418 2045 489 2092 isti
501 2045 566 2094 vfi
586 2047 690 2102 sint,
728 2049 977 2103 Cataledta,
1016 2049 1072 2095 ab
1086 2047 1176 2108 his,
1214 2065 1334 2111 quae
1345 2048 1611 2097 nostrorum

177 2114 407 2162 librorum
424 2111 580 2165 fontes
593 2113 983 2171 haberidebeant,
1004 2116 1139 2176 (nam
1156 2133 1181 2163 e
1204 2117 1417 2178 pluribus
1441 2116 1610 2166 collec-

177 2185 356 2230 tionem
372 2181 491 2231 hanc
506 2183 753 2232 conflatam
768 2185 933 2240 yideri,
948 2202 1057 2232 mox
1070 2182 1612 2247 monebimus)aliquan-

178 2264 283 2297 tum
302 2247 724 2310 discrepaffe.Qos
737 2253 1290 2314 enimDiodorusHymni
1312 2253 1364 2300 in
1376 2252 1610 2302 Bacchum

177 2315 340 2366 versus
368 2317 530 2366 laudat:
549 2353 562 2373 ,
597 2318 659 2376 (1.
676 2319 758 2367 ΙΠ.
797 2336 833 2367 c.
853 2320 969 2380 65.)
1001 2337 1108 2376 eos,
1147 2318 1261 2368 ficut
1289 2333 1442 2374 totum
1473 2321 1610 2383 hym-

177 2401 319 2437 num,
377 2386 426 2434 in
451 2385 656 2434 editione
689 2387 925 2436 Homeric.
960 2401 1099 2437 carm.
1136 2392 1367 2452 principe,
1427 2404 1477 2436 et
1511 2389 1610 2450 post

178 2468 284 2501 eam
310 2452 532 2514 reliquis,
565 2452 732 2501 frustra
756 2455 1013 2515 quaesieris.
1086 2458 1125 2505 A
1169 2455 1447 2521 Thucydide
1492 2473 1606 2505 vero

176 2520 358 2573 laudati
376 2522 427 2570 in
462 2522 730 2586 Apollinem
756 2522 924 2588 hymni
941 2543 997 2576 eo
1026 2525 1131 2577 loco
1155 2527 1299 2577 finem
1330 2522 1498 2576 diserte
1528 2544 1610 2589 p00
1675 2579 1677 2582 ,

1560 2595 1610 2643 ni
