1804 3028
219 127 285 182 '28
862 143 995 159 ····-···

220 227 446 285 verfibu's‚
468 225 691 291 occupato
713 227 879 295 studio,
913 227 1083 283 debita,
1109 228 1183 277 tot
1210 233 1268 277 eti
1279 229 1423 276 tantis
1446 228 1649 292 denique

221 298 600 361 corruptelarum
616 297 865 360 generibus
889 297 1197 358 lectionisque
1226 293 1460 351 monstrnt,
1485 294 1650 345 carmi-

221 383 339 416 num
368 364 846 426 contextumscatere5
879 364 1056 415 videas.
1112 366 1251 423 Qae
1270 364 1458 428 quidem
1471 363 1648 428 omnia,

220 435 322 484 fore
360 439 601 498 v‘nquam,
636 448 688 482 vt
707 436 757 481 in
789 432 877 481 hac
900 433 1129 490 librorum
1148 434 1294 488 Mss.‚v
1329 433 1544 510 inprimis
1569 445 1652 478 arn-¹

220 504 382 565 tiquae
403 514 456 552 et
486 503 639 551 bonae
667 514 808 549 notae
839 500 1056 557 illorum,
1086 502 1309 563 penuria,
1344 498 1443 548 sola
1466 500 1649 561 ingenii

223 588 339 631 ope,
360 588 461 619 non
478 569 620 618 modo
646 569 833 630 detegas
868 580 1010 630 atque
1047 567 1281 630 expellas,
1312 565 1389 616 sed
1419 565 1675 617 saniorem.

220 641 365 687 etiam
387 639 562 699 vbique
584 633 801 688 locorum
835 637 1085 686 lectionem
1117 636 1346 699 refingas,
1383 626 1648 698 spesomnis

218 706 406 770 prorsus
457 705 719 754 abiicienda
770 705 968 754 videtur.

671 1015 1012 1127 Sectio
1090 1014 1193 1083 II

218 1169 479 1239 Disquifitio
500 1168 547 1218 in
572 1167 772 1236 fingulos
805 1169 1034 1238 Hymnus,
1096 1168 1475 1237 Hymnorumque
1495 1162 1650 1219 habita

290 1290 429 1357 vulgo
435 1291 720 1359 fragmenta,
801 1306 957 1341 eorum
979 1299 1284 1358 argumentum
1299 1330 1313 1351 ,
1348 1308 1572 1357 rerumque

600 1413 977 1480 pertraffatarum
1038 1406 1266 1468 rationeni.
1302 1460 1304 1462 .

366 1574 435 1621 Vt
467 1572 848 1635 inssfingulorum
883 1574 1188 1634 Hymnorum
1227 1571 1423 1622 censura
1457 1573 1545 1622 hac
1576 1573 1644 1620 fa-

214 1640 407 1695 cienda,
443 1642 525 1703 qui
548 1642 689 1688 vnius
724 1638 903 1689 formae
932 1640 1020 1692 effe
1042 1641 1317 1697 videantur,
1388 1641 1522 1689 velut
1544 1657 1643 1689 vno

216 1711 388 1758 obtutu
409 1723 733 1770 compareant,
769 1726 796 1755 a
827 1708 1036 1772 vulgari,
1073 1727 1167 1772 quo
1199 1712 1249 1758 in
1278 1710 1410 1758 libris
1445 1707 1640 1765 exstant,

214 1778 383 1825 ordine
406 1777 567 1839 paullo
600 1776 841 1831 recedere,
876 1794 1048 1840 eosque
1069 1778 1125 1826 ad
1156 1778 1388 1827 delineata
1423 1792 1532 1827 ante
1564 1794 1642 1839 ge-

213 1862 329 1893 nera
363 1859 413 1893 et
448 1843 605 1896 claffes
635 1861 874 1899 reuocare,
901 1844 1044 1894 satius
1073 1845 1221 1895 visum
1247 1845 1335 1906 est·
1373 1848 1438 1894 ita
1465 1859 1640 1901 tamen,

213 1926 271 1960 vt
290 1913 346 1960 de
367 1915 571 1973 Hymnis
596 1913 668 1961 IV
701 1914 1050 1975 integrioribus,
1076 1914 1329 1963 secundum
1347 1914 1561 1962 ordinem
1587 1915 1640 1962 in
1683 1934 1686 1936 ’

214 1981 348 2029 libris
372 1993 627 2042 receptum,
660 1983 810 2048 primo
845 1981 951 2032 loco
978 1999 1177 2044 agerem.
1249 1983 1500 2032 Caeterum
1521 1996 1640 2045 quae
1665 1993 1673 2000 ’

210 2051 262 2098 1η
288 2048 378 2096 hoc
408 2060 458 2097 et
476 2046 692 2110 sequenti
711 2052 856 2110 capite
874 2067 1160 2128 proponam,
1201 2068 1308 2099 cum
1331 2053 1499 2113 partim
1522 2065 1641 2098 non-

210 2114 297 2164 nifi
322 2116 652 2179 probabilitate
686 2117 885 2179 quadam
914 2121 1003 2167 niti
1038 2118 1166 2167 haud
1202 2121 1449 2181 ignorem,
1479 2134 1538 2166 ne
1558 2116 1639 2165 do-·

213 2185 435 2233 {rioribus
474 2182 656 2247 saepius
693 2186 947 2238 caecutiiffe
991 2186 1143 2243 visus,
1182 2187 1445 2248 errorisque
1503 2186 1638 2235 facile

212 2255 454 2301 conuictus
474 2252 626 2307 fuero,
665 2252 914 2303 admodum
936 2273 1103 2304 vereor
1116 2275 1130 2309 3
1194 2254 1270 2317 spe
1290 2255 1428 2305 modo
1451 2254 1632 2308 ductus,

211 2320 557 2384 qualiacunque
589 2338 694 2369 mea
712 2326 957 2373 conamina
999 2325 1161 2386 aequis
1194 2324 1378 2371 arbitris
1412 2323 1638 2372 hactenus

209 2389 371 2437 saltem
408 2391 657 2452 probatum
681 2392 755 2444 iri,
786 2404 864 2447 vt,
901 2391 1098 2448 meliora
1118 2392 1382 2447 edocendo,
1415 2394 1467 2439 in
1496 2393 1637 2445 viam,

209 2474 238 2506 a
259 2473 351 2521 qua
373 2455 496 2508 forte
510 2458 809 2511 aberrauero,
823 2462 1045 2511 reducere
1063 2476 1137 2509 me
1162 2459 1284 2510 haud
1307 2460 1633 2530 dedignentur.

1567 2621 1608 2669 I.
