1804 3028
251 96 282 129 2

253 186 558 247 hymnorum,
589 185 873 237 innumeris,
911 198 964 231 vt
988 186 1054 231 ita
1080 182 1252 239 dicam,
1289 182 1499 233 confecto
1511 183 1678 233 vulne-

254 256 402 310 ribus,
440 253 636 301 medicas
666 251 884 299 adhibere
900 268 1064 298 manus
1100 251 1455 313 abnegauerunt
1486 254 1676 305 Critici3

255 326 352 371 imo
392 338 504 370 vero
548 320 604 366 ad
641 319 971 367 restituendam
1006 318 1389 380 pulcerrimorum
1421 323 1679 376 carminum

254 393 497 450 antiquam
557 388 722 435 faciem
769 387 1003 447 praecium
1039 386 1164 433 haud
1207 387 1346 434 dubie
1386 390 1680 442 adminicula,

255 473 308 506 vt
329 459 562 504 Martinus
591 470 639 503 et
671 453 906 502 Barnefios
943 470 1148 507 taceam,
1196 454 1364 502 summi
1394 458 1522 504 illius
1556 455 1679 504 inter

254 528 455 574 Batauos
482 525 689 571 florentis
715 525 803 569 viri
821 559 832 576 ,
884 523 1139 575 Rulmkenii,
1168 523 1408 584 ingenium
1443 538 1490 571 et
1516 525 1681 571 doctri-

253 610 316 640 na
345 610 491 654 paene
515 591 797 639 incredibilis
829 592 1084 637 contribuit
1116 587 1187 645 b).
1260 592 1515 639 Enimuero
1545 610 1599 640 ea
1634 605 1682 639 et:

252 665 303 709 in
336 661 526 723 fingulis
553 659 693 706 modo
714 660 855 712 locis,
887 675 973 705 nec
1000 662 1048 705 in
1070 656 1142 704 his
1169 671 1262 706 tam
1296 658 1567 720 frequenter
1605 659 1688 706 ad*

251 729 402 777 hibita
432 727 566 782 sunt,
598 744 736 789 quam
760 727 837 775 vel
860 725 1094 774 horrenda
1118 728 1342 774 vitiorum
1374 726 1499 789 seges
1528 728 1684 790 requi-

253 814 386 850 rere,
424 797 506 845 vel
535 813 561 842 a
595 808 727 843 tanto
751 797 865 844 Viro
900 798 1099 856 quisque
1125 794 1292 842 harum
1329 796 1571 845 literarum
1607 813 1684 844 cu-

254 866 390 928 pidus
418 863 599 912 summo
627 862 853 911 desiderio·
884 866 1071 924 exigere
1093 864 1228 911 velut
1250 866 1352 910 iure
1382 864 1582 925 quodam
1601 863 1684 911 fibi

252 935 406 980 videri
440 931 606 993 pofl'et3
645 948 939 992 quanquam,
976 930 1102 991 quod
1138 932 1244 985 alii,
1289 948 1490 991 quorum
1525 932 1594 981 est.
1624 933 1681 978 de

251 1000 326 1049 his
347 1001 488 1048 rebus
521 999 728 1046 iudicare
758 998 838 1056 c),
905 1000 1000 1044 iam
1054 1014 1305 1051 monuere,
1375 997 1683 1046 Ruhnkenius

253 1082 411 1118 autem
438 1061 544 1129 plus
573 1065 718 1114 semel
756 1064 892 1114 faffus
920 1066 1008 1119 est,
1044 1068 1094 1112 in
1117 1068 1321 1127 Hymnis
1355 1067 1425 1114 his
1465 1068 1566 1114 loca
1590 1067 1686 1129 pas-

254 1136 336 1186 fim
362 1149 617 1189 occurrunt
644 1134 759 1182 adeo
791 1132 953 1182 misere
978 1134 1179 1189 turbata,
1193 1152 1244 1182 ac
1263 1137 1685 1184 Grammaticorum

256 1206 620 1253 librariorumue
652 1217 735 1250 aut
752 1201 929 1250 inscitia
962 1215 1042 1249 aut
1083 1200 1272 1250 consilio
1306 1205 1587 1265 interpolata
1621 1220 1687 1252 at·

257 1291 350 1335 que
383 1286 624 1333 corrupta,
693 1284 745 1317 vt
795 1287 894 1316 non
933 1270 1070 1315 modo
1104 1288 1131 1316 a
1155 1271 1285 1316 libris
1326 1289 1489 1330 parum
1521 1273 1687 1319 auxilii

256 1339 637 1401 exspectandum,
672 1335 748 1384 sed
770 1351 847 1389 vt,
879 1337 978 1384 vlla
993 1338 1154 1384 Critici
1176 1341 1390 1398 quamuis
1416 1339 1566 1387 diuini
1589 1354 1685 1388 arte

257 1424 484 1468 vmquam
518 1404 716 1452 feliciter
750 1403 856 1451 satis
891 1403 1040 1450 sanari
1073 1422 1126 1452 ea
1159 1404 1295 1466 posse,
1332 1407 1687 1469 prorsusdcspe-

259 1476 461 1525 randum
482 1472 549 1521 fit.
589 1499 651 1506 ——-
722 1475 857 1530 Qae
886 1489 991 1519 cum
1022 1474 1089 1519 ita
1123 1471 1240 1527 sint,
1279 1491 1477 1536 cumque
1516 1478 1687 1524 virium

259 1560 472 1592 mearum
526 1541 786 1601 periculum
833 1539 1009 1593 facere,
1067 1541 1298 1602 studiique
1335 1545 1385 1589 in
1427 1544 1575 1592 literis
1615 1544 1687 1592 his

263 1612 480 1661 collocati
513 1608 744 1670 specimen
778 1608 971 1668 aliquod.
992 1608 1128 1656 edere
1163 1608 1281 1655 mihi
1305 1610 1589 1672 propofitum
1618 1612 1686 1667 fit,

263 1697 364 1728 non
394 1678 613 1724 inutilem
649 1677 787 1736 plane
825 1693 1014 1738 operam
1041 1676 1332 1737 suscepturus
1364 1677 1479 1726 mihi
1509 1681 1687 1734 videor,

262 1746 320 1799 fi,
356 1746 602 1793 nonnullis
617 1778 629 1798 ‚
664 1759 767 1804 quae
790 1742 846 1786 ad
866 1744 1134 1803 Hymnorum
1155 1744 1472 1791 Homericorum
1489 1747 1692 1799 austores,

264 1820 583 1877 argumentum,
627 1811 804 1855 nominis
835 1813 1060 1866 rationem,
1124 1813 1245 1857 huius
1283 1814 1513 1876 denique,
1550 1833 1692 1878 quam

266 1885 477 1935 terimus,
513 1877 749 1925 colleHionis
770 1887 969 1924 naturam
989 1888 1029 1924 et
1050 1880 1220 1926 indolem
1237 1884 1469 1943 generatim
1485 1882 1694 1945 spelffant,

271 1951 487 1998 delibatis
510 1949 754 2009 capitibus,
791 1960 892 1994 turn
922 1949 966 1992 in
980 1948 1166 2011 singulos
1186 1948 1379 2010 Hymnos
1400 1959 1438 1996 et
1444 1950 1693 2013 fragmenta

272 2018 529 2065 accuratius
558 2018 817 2075 inquiram,
861 2015 931 2062 his
957 2016 1148 2063 tandem
1175 2016 1471 2075 obseruationes
1491 2020 1693 2081 quasdam

273 2085 331 2131 ad
354 2084 560 2135 duorum,
596 2085 678 2143 qui
699 2086 822 2130 inter
837 2081 1122 2145 'integriores
1149 2083 1408 2140 habentur,
1445 2086 1694 2148 hymnorum

273 2156 371 2208 loca,
406 2165 488 2200 aut
508 2150 709 2213 suspecta
732 2164 813 2198 aut
836 2153 996 2213 paullo
1022 2150 1293 2208 difficiliora,
1313 2152 1569 2215 speciminis
1589 2156 1694 2204 loco

274 2222 566 2282 subiungam.

345 2303 394 2350 b)
414 2304 448 2385 ig
467 2302 607 2348 Epistola
614 2303 739 2392 Critgca
747 2303 851 2338 modo
862 2304 1010 2345 laudata,
1023 2304 1066 2338 ad
1078 2305 1205 2339 calcem
1214 2306 1340 2352 Hymni
1348 2306 1385 2342 in
1394 2309 1560 2344 Cererem.
1587 2307 1695 2353 Lugd.

453 2362 536 2385 atav.
564 2358 661 2396 1752.
706 2377 714 2384 .

348 2412 394 2458 c)
419 2410 458 2445 cf.
481 2411 653 2447 W'olfium
673 2413 712 2447 V.
727 2411 764 2445 C.
792 2412 828 2445 in
847 2410 984 2457 praefat.
1004 2412 1046 2446 ad
1065 2414 1210 2448 Homeri
1231 2414 1342 2461 Odyfl‘.
1364 2428 1395 2461 p.
1412 2415 1464 2453 16·

1560 2558 1702 2613 Sestio
