1804 3028
230 144 264 190 4
884 146 1016 164 -ἦ

232 232 471 280 humanae
495 227 805 275 imbecillitati
852 229 1197 281 accommodata
1254 230 1467 276 Deorum
1516 230 1667 288 notio,-

237 300 393 351 Deos‚
429 295 509 344 etfi
540 297 592 342 vi
628 296 864 357 praeditos
899 298 1090 351 maiori,
1156 294 1240 344 fibi
1273 311 1432 344 tamen
1460 293 1664 357 suaeque

239 366 391 421 indoli
415 382 465 411 ae
488 377 685 411 naturae
710 362 878 411 fimiles
904 365 1138 426 fingerent
1177 364 1424 412 mortales:
1490 361 1665 414 fadtum

238 434 325 488 est,
359 444 433 487 vt,
470 432 596 494 quod
631 431 876 479 hominum
897 435 1077 480 animos
1101 445 1182 480 aut
1203 432 1261 489 ad
1294 431 1666 479 beniuolentiam

237 503 454 556 allicere,
516 515 597 547 aut
630 503 771 547 iratos
806 500 990 561 placare
1020 499 1168 549 solere
1198 512 1552 561 cognouerant,
1618 498 1665 546 id
1722 513 1731 518 ‘

235 582 484 632 propterea
518 569 575 615 ad
596 569 808 615 Deorum
833 568 1016 615 cultum
1053 585 1103 616 ac
1128 568 1406 629 religionem
1444 565 1665 614 transfer-

229 651 355 685 rent.
427 635 497 684 Ad
535 651 714 689 vnum,
749 635 829 683 vel
853 636 1077 689 alterum,
1115 635 1194 683 vel
1220 647 1476 696 Vtrumque
1494 633 1664 682 harum

230 703 475 765 causarum
513 719 663 765 genus
704 704 968 750 reuocanda
984 704 1206 751 videntur
1240 717 1338 750 tum
1379 701 1475 765 ipsa
1514 701 1663 750 sacro-

230 790 339 821 rum
372 771 610 826 instituta,
644 770 749 819 festi
769 772 896 834 dies,
929 788 1150 833 pompae,
1198 771 1444 825 sacrifici&
1489 768 1662 832 suppli*-

233 844 468 895 cationes,
500 838 824 894 lustrationes,
861 842 1181 901 expiatione83
1217 852 1318 887 tum
1334 857 1434 886 mos
1455 839 1537 886 ille
1550 856 1662 886 cun-

229 911 315 958 clis
355 907 455 956 fere
512 906 715 956 Vniuerfi
750 921 985 965 terrarum*
1013 910 1138 956 orbis
1183 909 1400 970 gentibus
1421 924 1568 968 aeque
1612 923 1662 954 ac

229 976 408 1022 Graecis
438 988 675 1037 receptus,
710 978 893 1020 carmina
917 976 961 1019 in
994 974 1183 1020 Deorum
1214 977 1373 1019 laudem
1400 973 1663 1036 composita,

225 1046 353 1093 inter
386 1043 509 1091 sacra
539 1042 820 1105 peragenda,
850 1045 1092 1090 accinente
1128 1043 1300 1091 mufico
1334 1043 1662 1097 instrumento,

225 1111 534 1164 decantandi;
569 1128 691 1173 quae
713 1111 900 1172 quidem
932 1114 1137 1158 carmina
1170 1111 1264 1161 fiue
1295 1110 1436 1174 hymni
1459 1111 1539 1169 ι),
1574 1112 1665 1171 pri-

1531 1194 1664 1225 mum

295 1302 340 1348 e)
366 1301 539 1346 Propriam
559 1300 669 1337 hanc,
695 1310 800 1343 quam
822 1299 940 1338 attuli,
968 1299 1056 1339 ὕμνου
1081 1300 1364 1346 significationem
1384 1296 1467 1337 effe,
1501 1308 1578 1332 tum
1598 1310 1667 1333 car-

376 1359 475 1394 mina
503 1356 573 1403 ipsa
604 1357 647 1392 fic
676 1359 863 1405 appellata,
899 1369 978 1392 tum
1011 1360 1320 1394 Grammaticorum
1348 1358 1448 1394 effata
1481 1359 1665 1394 docebunt.

376 1419 489 1455 Schol.
515 1418 673 1463 Sophocl.
707 1419 806 1452 Ele&.
834 1422 899 1462 385
934 1420 1020 1459 ὕμνος
1052 1426 1157 1464 κυρίως
1188 1426 1205 1457 οἱ
1235 1426 1276 1455 εἰς
1295 1424 1359 1451 θεὸν
1389 1423 1457 1459 ᾠδή·-
1508 1422 1609 1456 Procl.
1630 1422 1668 1457 ln

378 1480 504 1517 Chrest.
526 1490 579 1524 ap.
597 1478 759 1512 Photlum
781 1479 864 1513 Cod.
888 1488 967 1524 239.
992 1492 1023 1525 p.
1039 1487 1109 1525 522
1137 1486 1188 1513 aa>
1214 1486 1256 1516 εἷς
1284 1485 1366 1516 θεοῦς
1390 1485 1443 1520 μὲν
1464 1485 1665 1525 ἀναφέρεσθαι

378 1543 476 1581 ὕμνον.
527 1542 611 1585 Quo
632 1538 780 1585 respectu
800 1539 934 1585 hymnis
954 1540 1082 1584 opponi
1098 1544 1230 1580 ἐγκώμια
1257 1552 1404 1576 monent
1424 1544 1659 1584 Gmmmadci,

360 1608 495 1647 ‘vtpote
517 1600 643 1645 quibus
660 1601 821 1635 hominum
840 1601 957 1634 laudes
976 1600 1200 1634 celebrentur.
1227 1613 1256 1634 v.
1278 1603 1445 1636 Ammon.
1466 1608 1535 1646 περὶ
1559 1608 1664 1641 ὁμοίων

377 1673 442 1697 etc.
466 1674 497 1695 v.
519 1662 614 1701 ὕμνος.
637 1661 742 1694 Procl.
768 1661 788 1694 l.
812 1673 840 1695 c.
886 1662 1024 1695 Ceteras
1056 1662 1172 1695 minus
1210 1662 1341 1696 vfitatas
1376 1663 1478 1698 huius
1507 1666 1663 1700 vocabuli

376 1720 557 1761 notiones,
584 1732 672 1768 quae
693 1722 728 1755 in
749 1721 979 1768 scriptoribus,
1001 1721 1148 1755 maxime
1160 1722 1281 1768 poetis,
1294 1725 1409 1768 paffim
1428 1725 1662 1768 obser-uantur.

378 1782 560 1827 diligenter
587 1782 748 1828 congeffit
779 1782 810 1819 b.
840 1782 987 1816 Kriesms
1008 1783 1044 1816 in
1059 1782 1217 1817 dissertat.
1267 1787 1317 1818 De
1338 1787 1485 1830 Hymnis
1497 1790 1664 1821 Veterum

376 1843 529 1877 maxime
545 1844 764 1876 Graecorum.
792 1842 950 1888 Gotting.
974 1850 1071 1887 1742.
1091 1854 1123 1889 p.
1141 1842 1238 1889 3sqq.
1263 1860 1310 1869 --
1359 1844 1466 1890 Quod
1485 1844 1553 1879 dixi
1573 1849 1660 1882 inter

374 1904 533 1948 sacrorum
551 1904 636 1936 ritus
654 1902 799 1946 hymnos
818 1902 991 1936 decantari
1012 1902 1144 1942 solitos,
1169 1902 1204 1937 id
1223 1904 1266 1937 de
1277 1915 1351 1938 tora
1370 1917 1496 1952 pompa
1507 1910 1662 1942 Deorum

377 1963 611 2009 festorumque
639 1962 867 1996 celebratione
898 1963 1041 2009 intelligi
1079 1963 1192 2008 cupio.
1254 1965 1346 1997 Nam
1371 1967 1422 2001 vel
1451 1968 1580 2014 in‘ipfh
1602 1968 1664 2012 [ρι-

379 2027 475 2060 lemni
493 2025 535 2058 ad
556 2035 629 2058 aras
657 2025 685 2066 s.
713 2026 828 2069 templa
856 2024 953 2069 greffu
973 2025 1145 2069 acceffuque
1173 2024 1292 2068 hymni
1316 2027 1548 2069 canebantur,
1574 2030 1662 2064 vnde

379 2085 549 2131 peculiare
572 2094 694 2117 eorum
719 2094 825 2128 genus
845 2087 995 2127 προσόδιον
1015 2083 1226 2129 appellatum
1245 2082 1308 2117 effe
1328 2085 1474 2131 legimus
1491 2092 1659 2135 ap.Pr0cl.

381 2148 403 2182 l.
425 2158 453 2181 c.
496 2148 597 2180 Porro
627 2146 713 2178 inter
740 2146 923 2181 libationes:
946 2144 1080 2180 Callim.
1101 2146 1151 2182 Hs
1178 2144 1213 2177 in
1231 2146 1302 2188 Jov.
1318 2157 1365 2191 pr.
1388 2151 1474 2183 Ζηνὸς
1499 2152 1541 2182 ἴοι
1556 2155 1590 2182 τί
1611 2164 1662 2183 κεν

377 2210 453 2241 iiam
470 2210 555 2250 περὶ
567 2208 720 2251 σπονδξσιν
739 2210 868 2249 ἅεῖδεινς
894 2208 979 2255 quin
995 2205 1101 2239 etiam
1112 2204 1273 2238 sacrificio
1288 2206 1465 2253 epulisque
1482 2206 1576 2242 sacris
1600 2210 1662 2244 rite

379 2268 442 2303 iam
461 2265 602 2314 peraffis
618 2279 648 2301 v.
670 2269 775 2302 Hom.
799 2269 837 2303 11.
857 2264 884 2302 αι’
906 2269 1066 2315 469-73.
1116 2268 1190 2302 Nec
1220 2266 1256 2300 in
1276 2267 1327 2301 his
1348 2268 1488 2315 quidem
1516 2270 1662 2305 substitit

376 2331 523 2374 hymnos
541 2329 686 2362 canendi
717 2340 816 2369 mos,
851 2331 904 2363 sed
935 2331 971 2363 in
995 2328 1137 2376 priuatis
1168 2328 1274 2361 etiam
1298 2328 1488 2364 amicorum
1515 2328 1660 2364 familia-

377 2388 508 2424 riumue
527 2390 698 2424 conuiuiis
716 2393 827 2426 ἄοεδσῦς
848 2393 1012 2426 arcessitos
1029 2388 1092 2423 effe
1115 2389 1224 2430 vides,
1250 2391 1309 2437 qui
1335 2390 1422 2425 in‘ter
1448 2390 1660 2436 epulandum

376 2449 584 2483 carminibus
613 2450 656 2483 ad
683 2450 834 2485 citharae
866 2453 987 2488 modos
1019 2450 1208 2485 decantatis
1245 2454 1398 2489 Deorum
1429 2450 1546 2486 laudes
1577 2452 1662 2487 cele·

376 2510 521 2544 brai-ent.
542 2522 572 2543 v.
593 2513 699 2545 Hom.
722 2511 789 2547 Od.
815 2507 844 2545 α’
868 2521 945 2558 338.
973 2514 1101 2549 Athen.
1113 2514 1156 2553 V,
1176 2524 1207 2559 p.
1228 2524 1305 2560 ¹92¹·
1332 2517 1417 2545 πᾶσι
1436 2514 1468 2544 δὲ
1494 2518 1660 2551 συμποσίω

374 2572 530 2609 ῐῧνὸἵθδγῆ
562 2575 646 2616 vae&
668 2577 733 2610 ’Νἴς
764 2575 903 2617 ἄρχαίοις
928 2579 981 2614 τῆν
1009 2580 1114 2612 αἰτίαν
1133 2580 1175 2615 εἷς
1201 2580 1265 2610 5132
1283 2578 1429 2620 ἀνίφσςι,
1455 2579 1506 2609 καὶ
1527 2578 1659 2613 ramirans

812 2630 815 2632 ’
1528 2637 1656 2680 ὶχςῶντσ
