1804 3028
125 686 300 836 Inter
332 739 477 785 pauca
497 724 911 787 antiquiffimorum
956 726 1213 774 carminum
1250 725 1307 773 ad
1341 727 1558 774 Deorum

226 792 423 840 virtutes
468 806 517 842 et
559 792 678 842 faeta
732 795 1011 843 celebranda
1051 794 1347 842 conditorum
1388 809 1557 841 monu-

130 873 310 913 menta,
331 877 357 907 e
383 858 620 909 communi
644 874 716 910 tot
742 861 1015 923 scriptorum
1039 861 1282 924 naufragio
1304 861 1440 925 velut
1464 859 1560 909 ser-

128 941 265 980 vata,
298 926 637 987 Homericorum‚
670 947 785 993 quos
811 932 1001 985 dicunt,
1034 929 1305 992 Hymnorum
1334 929 1559 991 reliquias

129 997 384 1073 principem
406 998 563 1045 locum
592 1006 769 1053 tenere,
795 1001 877 1046 vix
900 997 1199 1046 diffitendum
1220 998 1298 1046 est.
1365 999 1559 1046 Etenim

130 1076 184 1109 vt
213 1066 424 1111 omittam
439 1100 453 1120 ,
475 1097 479 1102 ›
512 1065 686 1113 etiamfi
723 1067 869 1111 incerti
902 1065 1082 1111 austeris
1103 1075 1144 1111 et
1163 1067 1314 1111 aetatis
1335 1065 1559 1127 hymnos,

131 1128 299 1190 Orplzeo
323 1134 466 1195 vulgo
490 1132 755 1195 adscriptos,
770 1136 987 1208 excipias,
1004 1136 1085 1181 vix
1107 1134 1230 1181 vllos
1253 1136 1446 1194 reperiri
1457 1135 1561 1181 Ho-

130 1201 313 1247 mericis
344 1200 450 1256 his,
485 1215 608 1250 certe
646 1219 815 1264 magna
846 1205 1010 1250 eorum
1046 1215 1201 1264 parte,
1239 1203 1561 1263 antiquiores.

128 1267 179 1315 id
206 1280 379 1322 tamen,
406 1270 554 1316 multa
583 1285 633 1315 ac
656 1270 872 1330 diligenti
903 1286 1067 1317 eorum
1089 1271 1291 1317 lectione
1322 1268 1418 1332 ipse
1449 1270 1562 1317 edo-

133 1337 247 1387 stus,
274 1347 380 1383 tuto
408 1334 739 1384 affirmauerim
758 1369 771 1389 ‚
808 1336 982 1388 nullos,
1014 1348 1249 1397 quotquot
1275 1352 1334 1382 ex
1348 1347 1449 1384 tota
1477 1353 1561 1384 an-

133 1404 351 1465 tiquitate
375 1404 432 1451 ad
455 1400 757 1464 nosqusdem
785 1404 1115 1464 peruenerint,
1153 1404 1378 1449 maiorem
1419 1404 1559 1451 redo-

129 1470 229 1518 lere
254 1469 386 1532 prisci
405 1474 507 1519 aeui
535 1469 899 1534 simplieitatem,
951 1471 1110 1518 nullos
1163 1470 1377 1518 dictionis
1421 1471 1560 1519 velut

129 1541 294 1587 natiua
348 1539 607 1594 venustate,
645 1557 696 1587 ac
719 1540 928 1587 -mirifica
969 1539 1025 1586 ad
1055 1540 1298 1587 Homerici
1331 1537 1559 1588 sermonis

73 1646 75 1648 .
130 1599 677 1670 dulcedinem'proxime
706 1607 955 1655 accedente
985 1605 1194 1661 sanitate,
1232 1608 1434 1668 legentis
1457 1611 1560 1657 ani-

130 1692 262 1722 mum
287 1693 434 1737 aeque
454 1674 635 1724 afficere
658 1688 798 1738 atque
828 1675 1027 1723 delinire
1052 1674 1127 1732 a).
1196 1675 1398 1730 Accedit,
1412 1676 1556 1738 quod,

131 1760 224 1804 qua
255 1742 387 1791 fatali
438 1745 674 1805 doctisque
703 1745 815 1791 viris
833 1742 1011 1790 dudum
1041 1742 1282 1803 deplorata
1317 1741 1439 1791 sorte
1461 1742 1559 1805 ipse

131 1811 319 1858 diuinus
343 1825 508 1872 poeta,
579 1814 710 1858 cuius
739 1827 915 1858 nornen
946 1812 1129 1871 Hymni
1164 1827 1274 1871 prae
1308 1808 1354 1858 se
1378 1809 1557 1866 ferunt,

131 1879 212 1925 vel
258 1881 310 1925 in
341 1879 496 1926 nostra
533 1878 618 1926 hac
657 1879 899 1926 literarum
924 1878 1030 1925 luce
1061 1880 1311 1940 premitur,
1383 1881 1560 1940 quippe

128 1946 262 1994 nulla
290 1947 440 1995 adhuc
459 1947 627 1995 idonea
661 1945 768 1994 satis
813 1963 864 1994 ac
887 1959 1018 1994 tanto
1066 1959 1208 2008 poeta
1242 1947 1381 2008 digna
1404 1981 1417 2001 ,
1459 1945 1560 1995 fiue

130 2013 226 2062 crifi
250 2013 485 2070 subactus,
521 2014 617 2063 fiue
653 2017 948 2063 enarratione
968 2028 1161 2062 ornatus
1183 2013 1559 2077 instructusque:

92 2077 105 2082 ’
128 2083 341 2130 eamdem
361 2096 410 2131 et
434 2084 672 2146 aliquanto
696 2085 959 2145 grauiorem
979 2083 1559 2144 HymnorumHomerico-

127 2167 235 2197 rum
260 2153 489 2214 reliquiis,
523 2163 761 2214 quotquot
785 2150 883 2199 fere
905 2165 1116 2212 tempora
1144 2149 1298 2198 nostra
1342 2152 1554 2212 attigere,

128 2218 333 2268 accidiffe
367 2220 540 2269 videas.
643 2221 748 2269 Nec
787 2222 839 2268 in
889 2232 1043 2269 totum
1081 2219 1270 2282 quidem
1311 2221 1557 2269 contextui

1416 2286 1557 2348 hym-

198 2395 281 2444 α),
285 2397 391 2436 ‚Nihil
415 2408 457 2431 ex
478 2401 576 2435 omni
602 2401 807 2447 {antiquitate
827 2398 987 2445 superest,
1013 2399 1107 2447 quod
1127 2409 1265 2434 auream
1288 2398 1384 2433 illam
1404 2399 1555 2435 Homeri

273 2456 547 2505 „fimplicitatem
556 2462 779 2508 natiuamque
795 2461 1001 2508 elegantiam
1020 2460 1141 2500 referat
1156 2460 1335 2509 pluuium„
1367 2454 1554 2499 Ruhnken&

272 2522 313 2558 V·
338 2521 376 2556 C.
397 2522 498 2558 verba
519 2521 650 2558 suntin
668 2525 725 2571 Ep.
745 2521 875 2563 Crit.1,
897 2534 928 2570 p.
943 2534 976 2571 4.

852 2589 892 2640 A
