1804 3028
215 122 278 169 62

211 224 317 271 lum
351 221 405 279 u)
444 218 613 267 alludit
649 218 834 280 Hymni
884 218 1030 274 nostri
1066 223 1249 274 auetor,
1308 221 1464 268 verbis
1504 221 1640 284 supra'

209 292 410 341 laudatis
447 288 636 335 addens:

280 409 374 460 Λίεῖ
407 409 495 459 σῶν
527 406 800 465 πλοκάμων
854 405 1172 468 ἀπολείβεται
1199 407 1359 476 γῦγρδν
1400 406 1570 460 ἔλαιον.

211 484 452 531 Nimirum
476 495 658 541 praeter
682 480 816 539 ignem
831 480 893 524 ·in
915 479 1002 523 aris
1022 478 1248 533 ardentem,
1269 480 1458 540 >lampas
1482 482 1636 534 etiam,

211 567 332 612 quae
362 551 411 595 in
450 550 659 595 Deorum
699 546 937 599 delubris,
984 562 1035 591 ac
1067 546 1307 605 Prytaneis
1350 549 1639 594 Graecorum

210 617 584 680 appendebatur,
652 612 844 660 Vestrae
887 612 1057 661 sacrata
1090 629 1200 660 erat.
1237 613 1290 661 cf.
1333 614 1501 673 Spanh.
1540 616 1569 661 l.
1595 634 1630 668 c.

210 687 425 734 Tandem
450 682 576 744 quod
602 684 651 727 in
678 681 860 742 epilogo
882 682 980 724 Ioui
1002 681 1272 742 adiungitur
1290 681 1445 735 Vesta,
1465 681 1636 743 speetat

208 754 256 801 id
286 752 412 799 haud
453 751 594 797 dubie
630 750 688 796 ad
725 750 974 810 antiquum
1007 749 1226 809 mythum
1258 767 1283 796 e
1328 752 1634 812 cosmogoniis

207 823 422 883 petitum.
515 816 656 866 Vesta
718 819 843 863 enim
902 830 1088 878 propter
1140 820 1260 879 ignis
1298 835 1406 865 cum
1446 818 1633 865 aethere

208 889 437 938 summam
471 885 760 940 affinitatem,
792 886 917 932 Iouis
947 885 1073 932 soror
1088 883 1230 939 fadku
1273 886 1421 933 ideoa
1443 887 1633 932 Pindaro

206 960 457 1006 inuocatur
491 954 656 1015 (Nem.
685 954 782 1005 XI,
824 949 886 1008 1):

273 1056 542 1113 ΠαῗῬὲεις,
578 1054 614 1106 οἵ
633 1076 688 1122 ’γε
708 1055 965 1123 Πρυτανεῒα,
989 1056 1269 1119 λὲλογχας,
1310 1055 1500 1112 ‘Eo-wid,

274 1144 404 1202 Ζηνός
427 1138 607 1208 &Me-ov
635 1139 899 1205 κασιγνήτα.
924 1146 997 1206 ³192)
1021 1142 1284 1210 ὁμοθρόνου
1320 1139 1483 1211 “Heoeg.

206 1252 470 1312 Vtriusque
505 1251 714 1296 numinis
760 1249 899 1294 etiam
932 1247 1085 1293 cultus
1127 1262 1178 1293 ac
1225 1245 1347 1293 sacra
1377 1249 1427 1292 in
1465 1246 1630 1293 iisdem

203 1319 391 1380 templis
426 1316 521 1365 fiue
554 1319 642 1364 aris
678 1314 857 1363 institui
886 1312 1123 1369 solebant,
1170 1330 1216 1362 v.
1242 1332 1278 1362 c.
1333 1312 1549 1378 Olympiae
1579 1333 1625 1363 v.

203 1385 396 1433 Pausan.
443 1387 517 1439 V,
566 1401 637 1446 14.
674 1402 716 1444 p.
752 1398 867 1445 411.

562 1529 664 1578 III.
716 1528 890 1596 Hymni
915 1526 1257 1597 Dithyrambici.

353 1640 661 1703 Cognominis
717 1637 858 1684 huius
909 1639 1140 1683 rationem
1182 1635 1318 1697 supra
1372 1636 1624 1684 declaraui-

201 1724 305 1757 mus
331 1725 375 1769 p.
402 1724 481 1769 23.
499 1708 603 1754 add.
634 1718 730 1752 not.
759 1705 838 1766 p);
883 1721 1011 1762 nune
1036 1706 1094 1751 de
1114 1704 1304 1766 fingulis
1325 1706 1587 1752 videamus:

497 1867 536 1899 Ι.
596 1851 681 1898 IV.
725 1857 934 1904 Διονυσος
977 1854 1018 1896 Η
1053 1854 1234 1901 Ληιςαι.

349 1956 552 2002 Carmen
579 1954 668 2000 hoc
692 1951 798 2000 satis
830 1955 1066 2015 integrum
1088 1955 1289 2014 primus,
1322 1953 1444 2016 quod
1465 1953 1616 2011 sciam,

197 2020 385 2069 fabulae
418 2039 443 2068 a
462 2021 752 2083 sequioribus
772 2023 922 2083 poetis
949 2025 1168 2070 tractatae
1192 2036 1239 2068 et
1273 2024 1478 2069 variatae
1510 2022 1616 2072 fons

194 2090 358 2137 haberi
416 2091 566 2136 debet.
694 2090 870 2137 Ferunt
936 2104 1129 2150 nempe,
1196 2088 1428 2150 Dionysiem
1479 2092 1615 2139 valde

193 2171 420 2218 puerum,
458 2173 566 2204 cum
583 2158 634 2202 in
657 2158 794 2204 maris
823 2157 963 2205 litore
989 2170 1253 2218 appareret,
1302 2173 1328 2202 a
1355 2155 1613 2219 Tyrrhenis

1458 2242 1614 2277 nautls

263 2360 312 2408 u)
339 2363 434 2397 Plura
453 2361 547 2396 enim
561 2388 570 2403 ‚
599 2375 749 2410 quorum
768 2377 808 2400 ex
830 2365 895 2401 alio
917 2363 1007 2399 aliud
1029 2375 1146 2400 ortum
1163 2362 1225 2400 effe
1243 2362 1337 2399 facile
1361 2365 1547 2411 intelligas,
1576 2365 1612 2398 in

340 2434 473 2457 numen
492 2424 558 2458 hoc
573 2425 735 2459 translata
751 2425 811 2461 effe
825 2454 834 2468 ,
869 2437 952 2462 nota
975 2438 1036 2461 res.
1094 2428 1201 2463 Modo
1222 2431 1345 2474 ignem,
1379 2427 1484 2461 modo
1511 2439 1610 2468 aram,

342 2482 448 2516 modo
468 2484 574 2526 focum
597 2486 633 2518 in
659 2495 800 2531 genere,
830 2487 936 2521 modo
960 2488 1083 2520 domum
1111 2485 1213 2531 ipsam
1241 2486 1426 2521 declarauit
1449 2497 1478 2517 v.
1501 2488 1608 2525 Schol.

338 2540 499 2586 Apollon.
524 2547 556 2585 1,
576 2555 657 2593 909.
708 2544 855 2582 Confu1a
876 2547 996 2582 eadem
1015 2557 1117 2589 mox,
1137 2557 1172 2582 vt
1190 2548 1392 2583 monuimus
1412 2545 1499 2588 iam,
1529 2559 1608 2584 cum

337 2602 461 2643 Terra,
486 2606 596 2639 Matre
618 2606 749 2646 Defim,
791 2607 934 2651 Cybele,
968 2608 1076 2642 Rhea.
