1804 3028
127 273 298 327 crescit.
401 277 491 327 Sed
522 277 649 323 ecce!
707 290 814 336 cum
850 284 1049 337 puerum
1072 277 1240 330 noctu,
1275 287 1328 324 vt
1354 275 1549 330 immor-,-

126 346 234 395 talis
267 347 423 401 fieret,
476 344 577 405 igni
605 344 862 393 occultaret
900 343 1060 394 diuina
1093 347 1280 399 nutrix,
1339 362 1367 392 a
1395 345 1549 393 Meta-

128 417 244 463 nira>
261 427 433 466 matre,
503 412 736 473 quondam
774 411 822 458 id
868 410 1170 466 obseruante,
1234 415 1438 474 grauiter
1475 415 1550 460 in-

118 485 325 544 crepita,
397 479 603 529 mulieris
660 479 877 528 stultitiae
930 477 1130 527 irascens
1145 513 1159 533 ,
1238 478 1388 528 filium
1448 483 1550 543 igni

126 561 340 610 ereptum
368 548 419 595 in
450 559 622 596 terram
644 548 864 609 deponit,
896 549 1118 596 Cererem
1148 544 1196 593 se
1225 546 1313 593 efl'e
1339 565 1551 609 pronun-

124 620 239 670 tiat,
300 614 584 677 additisque}
637 615 704 673 de,
731 616 879 675 templo
920 628 970 664 et
1000 616 1133 677 orgiis
1161 614 1219 662 ad
1250 613 1416 674 fimtem
1454 616 1551 663 Cal-

123 685 318 731 richerum
368 682 452 732 fibi
496 683 782 737 condendis,
845 683 1100 738 mandatis,
1178 683 1363 734 diuina,
1391 683 1549 733 rursus

123 752 273 814 specie
314 753 488 799 induta
533 752 631 799 abit
660 777 722 785 —
774 769 819 800 v.
863 761 976 807 281.
1054 752 1277 800 ‚Perad'tis
1318 750 1549 813 postridie,

123 836 245 883 quae
281 818 492 874 iufferat,
553 836 659 867 cum
697 820 1032 867 immortalium
1076 819 1235 881 plures
1274 820 1547 882 legationes,

123 901 178 936 vt
207 889 461 935 imminens
483 887 773 940 mortalibus,
800 889 860 933 ob
884 900 1092 934 retentas
1110 886 1282 948 fruges,
1314 888 1550 936 calamitas

126 967 446 1009 auerteretur,
483 954 538 1002 ad
564 956 782 1002 Cererem
799 990 812 1009 ,
847 957 900 1002 in
931 954 1106 1015 templo
1129 971 1292 1002 recens
1319 954 1553 1012 exstrue'ko

124 1041 253 1071 nunc
285 1035 678 1077 commorantem,
734 1021 901 1070 frustra
935 1022 1089 1070 miffae
1128 1022 1295 1070 effent:
1358 1024 1552 1074 tandem

124 1089 418 1152 Proserpina,
444 1092 570 1138 Iouis
601 1088 745 1143 iuffu,
775 1107 802 1135 a
829 1092 1066 1138 Mercurio
1096 1107 1156 1138 ex
1184 1092 1303 1139 Orci
1342 1092 1549 1154 tenebris

122 1159 387 1212 reducitur,
452 1156 675 1203 haetenus
728 1168 888 1204 tamen
929 1157 1141 1205 Plutonis
1183 1161 1340 1206 mariti
1384 1159 1552 1207 fraude

122 1226 329 1287 decepta,
342 1224 482 1287 quod,
496 1223 676 1286 gustato
690 1224 803 1271 mali
823 1240 987 1287 grano,
1009 1225 1187 1273 reditus
1203 1225 1441 1275 neceffitas
1469 1224 1551 1289 ipfi

123 1293 277 1342 fatalis
314 1292 432 1341 faeta
451 1292 515 1340 est
540 1318 596 1328 ·-
622 1310 668 1341 v.
710 1301 820 1354 385.
917 1294 1211 1358 Recuperata
1257 1297 1401 1356 igitur
1438 1296 1550 1350 filia,

111 1361 285 1412 *Rheae
315 1359 523 1422 insuper,
576 1376 682 1407 cum
713 1362 891 1409 iteratis
925 1360 1150 1423 promiffis
1180 1379 1207 1408 a
1241 1363 1354 1410 Ioue
1380 1363 1552 1417 miffae,

115 1428 531 1481 ,adhortationibus
598 1428 906 1488 precibusque
940 1444 1173 1476 commota
1207 1431 1374 1484 Ceres,
1425 1430 1554 1478 steri-

126 1499 196 1546 les
233 1513 366 1559 agros
401 1494 557 1543 rursus
583 1494 741 1557 fruges
778 1497 990 1543 emittere
1015 1497 1170 1551 iubet,
1221 1495 1346 1545 sacra
1377 1515 1429 1546 ac
1454 1515 1555 1560 my-

125 1566 259 1614 steria
294 1563 561 1613 veneranda
595 1563 820 1618 instituit,
877 1564 1089 1625 adeoque
1118 1582 1226 1613 cum
1267 1579 1402 1620 nata,
1458 1580 1553 1615 tres

127 1635 242 1681 anni
283 1645 436 1695 partes
483 1634 537 1678 in
573 1631 755 1685 matris,
809 1647 951 1679 vnam
988 1634 1040 1678 in
1073 1635 1242 1687 mariti,
1284 1632 1554 1696 Inferorum

125 1704 231 1756 Dei',
265 1700 572 1749 contubernio
593 1697 832 1753 mansura,
863 1699 922 1746 ad
947 1699 1211 1761 Olympum
1226 1701 1433 1757 rediens,
1458 1705 1552 1751 Im-

115 1770 399 1821 ,mortalium
435 1770 591 1816 coetui
623 1765 716 1815 sese
752 1765 979 1815 immiscet
1004 1793 1065 1800 -—-
1095 1785 1139 1815 v.
1156 1777 1268 1832 489.
1359 1771 1552 1820 Addun-

122 1853 208 1885 vtur
238 1837 420 1899 aliquot
464 1834 669 1884 versibus
706 1852 865 1896 preces
901 1835 958 1882 ad
992 1832 1112 1883 &cdv
1154 1835 1235 1883 καὶ
1270 1835 1398 1902 κόρην
1436 1840 1555 1887 dire-

131 1909 257 1960 c‘tae,
313 1917 367 1952 vt
408 1906 599 1951 initiatis
646 1905 895 1964 propitium
936 1919 1118 1951 numen
1153 1903 1287 1952 suum
1323 1921 1552 1961 annuant,

130 1976 351 2034 vitaeque
388 1972 512 2019 bona
546 1971 890 2032 qualiacunque
930 1970 1202 2033 largiantur.
1284 1969 1458 2035 Itaque
1479 1992 1558 2037 ap-

131 2054 288 2103 paret,
344 2038 576 2088 sacrorum
605 2037 975 2093 Eleufiniorum,
1034 2042 1087 2087 in
1120 2041 1432 2102 agriculturae
1460 2042 1557 2091 fru-

117 2112 375 2171 ‚mentique
410 2111 612 2169 primum
649 2109 836 2155 inuenti
870 2110 1140 2155 memoriam
1176 2125 1203 2156 a
1241 2111 1412 2158 Cerere
1446 2127 1556 2158 con-

134 2177 365 2231 ditorum,
420 2178 652 2238 originem
695 2178 747 2222 in
784 2175 962 2237 hymno
1009 2177 1257 2233 celebrari,
1329 2182 1556 2240 pertextis

132 2244 300 2292 idcirco
328 2243 523 2298 fabulis,
576 2260 694 2305 quae
730 2246 783 2290 in
813 2242 946 2290 sacris
977 2243 1061 2292 his
1094 2261 1120 2291 a
1158 2245 1299 2294 choro
1331 2247 1406 2307 agi
1439 2244 1557 2295 sole-

133 2313 262 2360 bant.
332 2313 438 2360 Nec
476 2311 655 2366 dubito,
699 2314 813 2374 quin
854 2304 985 2366 ἴελος
1035 2311 1112 2361 hic
1141 2313 1208 2370 n)
1255 2311 1403 2361 faetus
1440 2312 1496 2362 fit
1530 2332 1559 2363 a

134 2393 293 2443 poeta,
343 2392 399 2427 vt
426 2383 479 2427 in
511 2378 755 2429 Eleufiniis
790 2378 913 2428 festis
939 2394 1207 2436 caneretur,
1256 2382 1560 2443 quemadmo-

1444 2452 1559 2501 dum

202 2582 257 2649 η)
280 2606 331 2637 Ita
350 2601 507 2650 appellari
529 2604 677 2648 hymnos
702 2605 738 2640 ῐιι
761 2607 919 2642 Cererem
945 2606 1120 2647 conditos,
1144 2618 1272 2642 notum
1296 2608 1343 2642 est
1366 2620 1408 2642 ex
1433 2610 1559 2643 Athen.

279 2664 368 2725 ‚xw'
384 2676 418 2711 p.
438 2664 517 2707 618.
566 2664 685 2701 Pollux
702 2669 738 2709 1,
759 2670 815 2710 38.
841 2664 883 2703 cf.
903 2669 1025 2714 Spanh.
1046 2667 1091 2702 ad
1120 2669 1204 2704 Call.
1230 2670 1336 2715 Hym.
1360 2667 1397 2703 in
1415 2669 1488 2705 eet.
1510 2680 1559 2715 pr.
