1804 3028
730 121 859 133 -..
1441 102 1510 157 53-

84 203 241 255 nautis
262 202 346 262 x),
391 198 589 262 praedae
623 200 847 254 intentiS,
889 197 1183 261 conspectum
1206 196 1498 262 raptumque,

83 273 291 321 numinis
326 268 395 319 sui
429 270 524 317 vim
570 270 709 315 variis
763 266 1006 323 declaraffe
1065 266 1305 332 prodigiis,
1403 272 1503 330 qui-

84 340 174 388 bus
231 340 382 388 territi
421 350 616 390 nautae,
655 337 717 383 in?
744 353 870 384 mare
896 334 1205 398 profilientes‚
1240 336 1503 398 Delphines

82 401 192 458 fasti
223 405 336 465 fint..
407 405 567 466 Vulgo
600 404 658 450 ad
695 402 872 448 Naxum
912 403 1121 451 fabulam
1158 404 1277 451 hanc
1303 406 1504 467 legimus

82 475 340 523 traductam
370 489 414 519 v.
452 471 594 520 Ovid.
631 473 747 519 Met.
781 474 873 526 ΙΙΙ,
923 480 1016 532 582
1039 470 1164 533 sqq,
1200 475 1282 532 qui
1299 474 1413 519 adeo
1442 490 1502 519 ex

83 542 189 590 aliis
213 538 429 587 fontibus
462 557 563 586 eam
606 539 828 586 deriuaffe
867 537 1160 591 censendum
1199 538 1332 585 nulla
1376 542 1504 586 enim

82 608 207 672 apud
256 608 465 656 nostrum
498 609 716 656 locorum
772 607 826 655 fit
863 608 1181 655 denominatio
1232 607 1293 669 y).
1384 606 1499 655 Add.

84 675 300 737 Apollod.
338 678 434 730 ΙΙΙ,
485 690 538 735 5,
576 691 617 736 3.
689 677 866 736 Hygin.
908 677 957 722 F.
998 691 1102 738 134.
1188 677 1505 737 Apponuntur

85 741 271 806 passim,
306 740 574 790 se'ddiuerso
594 760 817 797 numero,
849 745 1103 803 piratarum
1120 745 1335 796 nomina
1372 743 1500 804 quid,

86 810 214 873 quod
225 810 472 871 Delphinis
494 813 616 856 inter
633 809 778 856 fidera
791 808 1005 871 effigiem,
1029 814 1080 857 in
1096 812 1504 857 transmutationis

83 878 224 926 huius
261 880 549 932 memoriani,
589 877 804 937 incoelo
837 878 1111 925 collocatam
1144 876 1248 933 effe,
1280 894 1340 925 ex
1367 878 1505 938 Agla-

84 946 299 1000 osthene,
335 948 516 993 Naxica
543 947 621 1006 qui
647 944 932 1007 conscripsit,
965 958 1099 993 nota-t
1121 946 1339 1007 Hyginus
1372 945 1501 993 Poet.

82 1013 198 1063 Astr.
225 1015 391 1068 XVII,
438 1032 480 1075 p.
518 1017 631 1076 461.
702 1016 763 1061 At
794 1013 907 1060 haec
934 1027 982 1061 et
1011 1012 1175 1061 fimilia
1215 1011 1402 1060 fabulae
1431 1031 1506 1061 01·-

82 1094 306 1128 namenta
336 1097 362 1126 a
396 1079 641 1127 serioribus
683 1080 874 1127 demum
911 1083 1060 1141 poetis
1108 1084 1370 1142 excogitata
1416 1079 1506 1129 effe

82 1164 211 1210 puta.
284 1148 543 1208 Simplicior
569 1148 767 1207 ideoque
799 1150 1033 1208 antiquior
1057 1151 1264 1195 narratio
1294 1150 1347 1194 in
1370 1147 1508 1207 hym-

83 1232 150 1263 no
176 1214 334 1262 nostro
378 1217 629 1275 exponitur
660 1212 728 1271 z),
775 1228 915 1275 quem
952 1229 1110 1262 tamen
1135 1216 1335 1273 epicorum
1363 1217 1511 1260 carmi-

84 1297 185 1330 num
227 1280 530 1345 fragmentis,
581 1281 637 1329 de
670 1282 838 1343 quibus
888 1284 939 1329 in
979 1282 1361 1344 praecedentibus
1414 1285 1503 1344 egi,

84 1351 337 1412 adiungere
387 1351 558 1397 malim.
637 1350 788 1396 Potest
818 1349 938 1397 forte
965 1369 989 1397 e
1040 1351 1308 1397 mortalium
1337 1351 1505 1398 mulie-

84 1434 220 1473 rum,
268 1433 387 1480 quae
419 1418 525 1464 Diis
568 1415 842 1477 nupserant,
891 1418 1103 1479 catalogo
1145 1417 1371 1479 particula
1393 1416 1508 1465 haec

1420 1484 1507 1532 effe

152 1635 204 1686 x)
233 1638 366 1681 Nempe
386 1645 428 1668 ex
449 1634 590 1681 Pelasgis
609 1633 774 1678 Tyrrheni
800 1631 992 1678 cogitandi,
1027 1632 1086 1678 qui
1116 1632 1256 1677 Lydiam
1282 1632 1471 1666 incolerent
1487 1645 1517 1665 v.

234 1695 284 1729 111.
309 1696 431 1738 Heyne
458 1698 540 1730 Not.
573 1693 615 1727 ad
643 1693 803 1739 Apollod.
823 1695 857 1727 P.
880 1696 921 1727 n.
946 1704 977 1738 p.
1001 1698 1080 1736 579.
1117 1695 1205 1738 Itpp.
1235 1693 1279 1728 ad
1300 1693 1406 1730 Ouid.
1431 1695 1517 1728 Met.

233 1756 301 1794 ni,
325 1756 401 1801 576·

153 1878 204 1925 y)
230 1878 335 1924 Quod
359 1876 468 1923 ipsum
487 1887 603 1912 tamen
622 1890 682 1924 pro
703 1876 866 1924 opinione
886 1877 996 1911 nostra
1027 1887 1112 1911 mox
1141 1875 1340 1911 declaranda
1366 1888 1518 1923 pugnare

235 1938 377 1973 videtur.
426 1936 557 1984 Quodfi
575 1939 669 1972 enim
686 1949 824 1973 carmen
846 1939 908 1972 hoc
927 1941 1056 1973 maioris
1078 1938 1294 1983 fragmentum
1313 1934 1371 1978 fit,
1406 1937 1442 1972 in
1465 1936 1517 1977 iis,

237 2010 324 2045 quae
345 2010 426 2033 cum
445 1997 707 2037 antecesserant,
729 2008 807 2032 tum
834 2008 1035 2044 exceperant
1056 1998 1258 2044 particulam
1282 2000 1392 2040 hanc,
1428 1999 1519 2034 loco-

236 2070 338 2099 rum,
363 2060 402 2092 de
421 2059 545 2105 quibus
570 2059 624 2093 hic
647 2060 780 2106 agitur,
814 2058 956 2094 nomina
983 2057 1071 2093 forte
1100 2057 1241 2094 definita
1269 2059 1334 2095 effe
1361 2069 1515 2106 potuere,

238 2131 436 2165 quanquam
457 2130 520 2153 nec
537 2120 661 2152 minori
683 2131 764 2153 cum
782 2119 1017 2165 probabilitate
1035 2118 1263 2154 affirmaueris,
1286 2119 1516 2163 antiquiorem

197 2200 200 2201 ν
233 2180 396 2223 mythum
413 2177 505 2212 fama
531 2189 668 2212 tantum
698 2178 839 2221 obscura
869 2178 1143 2223 superstructum,
1178 2177 1321 2213 successu
1349 2179 1516 2225 temporis

233 2238 377 2274 demum
416 2251 595 2286 poetarum
620 2241 706 2275 curis
735 2240 843 2286 magis
871 2237 1098 2280 elaboratum,
1129 2239 1232 2284 inque
1250 2248 1450 2284 temporum
1476 2250 1515 2275 ac

231 2300 389 2335 locorum
407 2302 564 2336 ordinem
584 2300 647 2336 esse
674 2301 840 2335 coaaum.

153 2425 200 2473 z)
225 2428 348 2466 Hunc,
374 2436 574 2471 quanquam
599 2427 634 2461 in
653 2425 826 2462 nonnullis
847 2436 985 2461 mutata
1002 2423 1216 2466 narratione,
1241 2426 1375 2472 preffius
1394 2435 1514 2461 tamen

231 2486 324 2533 sequi
346 2485 477 2519 videtur
509 2486 655 2520 Philostr.
684 2487 721 2519 in
754 2487 843 2518 icon.
873 2486 962 2521 XIX.
1022 2485 1102 2520 Alia
1131 2485 1257 2520 variata
1284 2487 1429 2533 reperiet
1459 2499 1511 2533 ap.

231 2548 399 2583 Nomium
417 2545 602 2592 Dionyfiac.
625 2547 646 2583 1.
660 2557 718 2595 45.
740 2559 772 2595 p.
792 2545 863 2594 766
881 2545 951 2595 sqq.
990 2547 1041 2581 ed.
1061 2558 1109 2593 pr.
