1804 3028
221 175 280 225 52

221 265 432 325 ,formula
446 264 499 310 in
524 258 755 310 eiusmodi
774 260 1055 315 carminibus
1079 258 1200 308 forte
1223 257 1463 308 sollemnis
1483 261 1649 310 fuerit?

220 332 503 393 Exemplum
540 328 702 386 saltem
722 327 979 388 suggerunt
1012 326 1198 387 Hefiodi
1235 328 1653 376 inde-denomina-

224 417 299 463 tae
326 399 466 461 ’I-Iqmq
501 396 533 446 s.
574 394 854 454 κατάλογος
884 392 1137 456 γυναικῶν,
1173 399 1303 444 cuius
1335 396 1465 452 tituli
1508 397 1652 443 ratio-

223 486 332 525 nem
353 464 643 530 ingeniosam
676 463 971 524 lepidamque
993 465 1137 524 magis
1165 480 1303 524 quam
1337 479 1495 524 veram
1530 476 1652 510 attu-

223 538 282 584 lit
308 534 623 599 Hermefianax‚
644 532 868 598 '‘Elegiar.⁴
889 528 1228 579 venustiffimus
1249 534 1433 588 audior,
1465 533 1517 579 in
1528 529 1651 593 frag-

223 597 537 662 mento'eleg.
558 600 616 647 ab
648 596 891 647 Athen'aeo
924 600 1139 657 (LXIII.
1175 617 1218 660 p.
1244 598 1439 661 597.B)
1468 598 1652 647 seruato

221 689 269 720 v.
308 686 366 721 21
409 694 470 703 —-
507 670 585 716 26.
630 666 721 725 x).

323 737 513 787 Fabula.
529 734 625 797 ipsa
643 735 701 783 de
715 735 855 789 Pane,
879 753 904 782 e
927 737 1152 783 Mercurii
1171 752 1276 783 cum
1295 733 1471 796 Dryope
1499 736 1651 796 Nym-

224 806 317 869 pha
339 803 595 867 congreffu,
620 817 746 857 nato,
784 819 843 851 ex
869 800 1088 848 Arcadicis
1114 800 1178 863 y)
1213 803 1482 866 repetenda,
1512 802 1650 857 forte,

227 874 312 923 nisi
339 875 492 922 omnis
529 871 627 920 sola
649 871 933 933 etymologia
958 869 1262 933 superstructa
1305 874 1649 934 argumentatio

224 945 364 991 nimis
383 940 439 989 fit
460 941 667 993 lubrica,
701 939 759 985 ad
795 938 1031 999 Pelasgicos
1043 939 1208 987 referri
1227 941 1378 987 debet.
1419 939 1651 998 (Arcades

223 1024 339 1057 vero
363 1007 538 1055 multas
561 1007 863 1066 Pelasgorum
888 1005 1041 1066 stirpis
1064 1004 1246 1053 fabulas
1282 1005 1363 1053 fibi
1390 1005 1651 1060 vindicaffe,

221 1094 305 1140 per
330 1074 376 1123 se
411 1073 601 1122 aliunde
625 1072 733 1120 satis
753 1071 944 1120 constat.
975 1072 1031 1120 ci.
1053 1072 1127 1121 Ill.
1160 1074 1331 1135 Heyne
1352 1073 1410 1121 ad
1432 1075 1646 1136 Apollod.

221 1146 349 1195 P.11.
382 1161 426 1205 p.
458 1146 570 1202 655.
596 1139 730 1203 sqq.)
799 1139 1051 1202 Nymphae
1078 1143 1207 1188 enim
1231 1159 1256 1188 a
1275 1144 1512 1190 Mercurio
1545 1143 1651 1189 ada-

224 1225 377 1261 matae
404 1226 596 1264 nomen,
629 1208 877 1272 Dryopum‚
921 1208 1091 1270 populi'
1111 1209 1413 1271 antiquiffimi
1444 1227 1470 1258 e
1498 1211 1652 1258 Palas-

224 1283 328 1343 gica
358 1279 495 1341 stirpe
527 1277 740 1330 oriundi,
795 1278 1066 1323 memoriam
1103 1280 1298 1331 excitam
1364 1280 1536 1340 quippe
1569 1281 1650 1339 qui

222 1350 344 1396 olim>
368 1350 419 1394 in
454 1344 686 1393 Thefl'alia
704 1344 979 1405 indigenae,
1016 1361 1123 1390 curn
1168 1346 1224 1391 ab
1246 1346 1452 1394 Hercule
1482 1346 1653 1394 deuicti

223 1415 369 1465 effent
397 1414 486 1472 z),
552 1429 634 1474 per
678 1424 826 1459 totam
866 1413 1110 1459 Graeciam
1151 1428 1391 1475 terrasque
1428 1416 1650 1462 finitimas

226 1482 440 1544 dispersi,
471 1497 575 1542 pars
593 1482 643 1527 in
676 1478 1075 1539 Peloponnesum,
1144 1484 1345 1528 maxime
1380 1482 1650 1543 Argolidem

225 1553 528 1613 emigrarunt.
570 1564 615 1594 v.
652 1547 877 1594 Herodot.
913 1548 1044 1602 VIII,
1082 1562 1160 1608 73.
1209 1550 1369 1597 Strabo
1418 1550 1534 1604 VII,
1605 1568 1648 1612 p.

226 1635 336 1682 321.
369 1618 502 1671 VIII,
534 1632 578 1676 p.
607 1628 717 1676 373.
757 1615 808 1661 C.
866 1611 943 1670 a).
1049 1616 1272 1664 Extremo
1312 1618 1417 1666 loco
1472 1619 1652 1673 Strabo,

231 1724 233 1726 »
1547 1688 1652 1733 Ari-

290 1809 341 1857 κ)
367 1813 443 1850 Φημὶ
465 1810 496 1840 δέ
522 1811 572 1840 κα)
596 1810 714 1839 Βοιωτὸν
740 1808 983 1849 ἀποπρολιπόντα
1013 1810 1162 1851 μέλιὲςον

443 1862 593 1906 (Εὔοδον,
629 1870 725 1902 πάσης
745 1871 849 1910 ’ἤρανον
892 1871 999 1910 ἱςορίης

367 1928 517 1970 Α’σιιςιΐον
540 1930 703 1967 ieiunam,
728 1921 829 1967 {xor-01¹
850 1922 1012 1960 ἑλικωνῖδα
1022 1930 1128 1967 κώμην.

440 1979 530 2022 ἔνθεν
551 1991 589 2027 'o'y
610 1982 699 2024 ι-ίοῖην
735 1992 882 2028 μνώμενυς
930 1989 1107 2031 'Ae-uquam

365 2042 453 2082 n6u'
480 2052 605 2087 ἔπειθεν,
632 2051 732 2084 πάσας
755 2051 786 2081 δὶ
812 2052 905 2087 λόγων
933 2050 1127 2092 ἀνεγράψατο
1158 2054 1302 2091 βίβλους,

436 2102 537 2145 ’ἶμνων
559 2111 592 2139 ἐκ
612 2111 729 2153 πρώτης
752 2112 856 2145 παιδὸς
878 2112 1076 2151 ἐναρχόμενος

366 2167 409 2203 cf.
435 2168 621 2203 Ruhnken.
648 2168 706 2214 qui
731 2178 846 2203 totum
869 2167 993 2215 fragm.
1019 2170 1061 2204 ad
1079 2170 1158 2205 calc.
1179 2173 1235 2217 Ep.
1261 2171 1343 2206 Ctit.
1364 2172 1515 2206 ornatius
1534 2173 1650 2208 multo

364 2229 492 2270 edidit,
514 2240 550 2264 et
572 2229 691 2265 locznn
712 2230 823 2272 hunc,
843 2242 950 2277 quem
976 2231 1135 2278 apposui,
1159 2232 1294 2267 vberius
1321 2232 1503 2278 explicauit
1522 2245 1553 2280 p.
1566 2237 1653 2279 289.

277 2318 325 2365 y)
350 2319 419 2352 Pan
442 2319 537 2351 Deus
560 2313 747 2350 Arcadum.
781 2329 809 2352 v.
831 2315 970 2354 Pausan.
989 2319 1081 2358 VIII,
1100 2315 1156 2354 26.
1175 2329 1207 2365 p.
1219 2316 1299 2364 652.
1327 2317 1524 2354 callimach.
1539 2320 1644 2364 Hym.

360 2380 397 2413 in
412 2379 512 2413 Dian.
530 2381 585 2424 87.
608 2380 665 2417 88.
691 2378 837 2423 Propert.
858 2380 949 2424 Eleg.
969 2380 1003 2418 1,
1029 2381 1069 2419 18
1082 2403 1091 2418 ‚
1112 2387 1168 2416 20.

286 2463 334 2510 z)
357 2461 399 2497 cf.
418 2461 580 2509 Apollod.
597 2463 648 2502 11,
667 2468 712 2506 7,
729 2468 762 2505 7.
788 2461 908 2497 Strabo
926 2465 1026 2503 VIII,
1045 2475 1077 2509 p.
1089 2468 1168 2509 373.
1192 2464 1230 2498 C.

278 2547 325 2594 a)
350 2547 468 2591 Populi
501 2547 609 2580 huius
638 2546 675 2579 in
705 2543 839 2579 diuerfis
875 2544 1070 2591 regionibus
1106 2544 1260 2592 dispersas
1296 2542 1449 2578 colonias
1486 2541 1527 2575 ad
1561 2545 1642 2577 Vet-

355 2607 495 2641 Auaor.
525 2606 601 2640 loca
622 2603 780 2640 subtilius
804 2605 996 2652 persecutus
1008 2605 1052 2640 est
1075 2602 1570 2652 praestantiffimusApollodori
1589 2606 1647 2643 In-

352 2675 478 2713 terpres
500 2667 539 2701 in
565 2669 646 2703 Not.-
667 2669 700 2702 P.
713 2669 739 2701 1.
761 2677 792 2712 p.
810 2673 879 2713 475
900 2667 972 2713 sqq.
