<?xml version="1.0" encoding="UTF-8"?>
<!DOCTYPE html PUBLIC "-//W3C//DTD XHTML 1.0 Transitional//EN"
    "http://www.w3.org/TR/xhtml1/DTD/xhtml1-transitional.dtd">
<html xmlns="http://www.w3.org/1999/xhtml" xml:lang="en" lang="en">
 <head>
  <title>
</title>
<meta http-equiv="Content-Type" content="text/html;charset=utf-8" />
  <meta name='ocr-system' content='tesseract 3.04.00' />
  <meta name='ocr-capabilities' content='ocr_page ocr_carea ocr_par ocr_line ocrx_word'/>
</head>
<body>
  <div class='ocr_page' id='page_1' title='image "4629190_0080.png"; bbox 0 0 1804 3028; ppageno 0'>
   <div class='ocr_carea' id='block_1_1' title="bbox 281 165 1071 217">
    <p class='ocr_par' dir='ltr' id='par_1_1' title="bbox 281 165 1071 217">
     <span class='ocr_line' id='line_1_1' title="bbox 281 165 1071 217; baseline 0.011 -6"><span class='ocrx_word' id='word_1_1' title='bbox 281 165 462 217; x_wconf 69' lang='lat'>68‘</span> <span class='ocrx_word' id='word_1_2' title='bbox 939 180 1071 196; x_wconf 82' lang='grc'>---</span> 
     </span>
    </p>
   </div>
   <div class='ocr_carea' id='block_1_2' title="bbox 235 260 1768 1411">
    <p class='ocr_par' dir='ltr' id='par_1_2' title="bbox 282 260 1711 342">
     <span class='ocr_line' id='line_1_2' title="bbox 282 260 1711 342; baseline 0.001 -29"><span class='ocrx_word' id='word_1_3' title='bbox 282 266 386 314; x_wconf 89' lang='lat' dir='ltr'>bitu</span> <span class='ocrx_word' id='word_1_4' title='bbox 416 265 519 312; x_wconf 86' lang='lat' dir='ltr'>Dea</span> <span class='ocrx_word' id='word_1_5' title='bbox 542 262 881 328; x_wconf 79' lang='lat' dir='ltr'>Immortalium</span> <span class='ocrx_word' id='word_1_6' title='bbox 905 266 1061 312; x_wconf 79' lang='lat' dir='ltr'>coetui</span> <span class='ocrx_word' id='word_1_7' title='bbox 1081 260 1175 311; x_wconf 88' lang='lat' dir='ltr'>sese</span> <span class='ocrx_word' id='word_1_8' title='bbox 1199 264 1401 325; x_wconf 84' lang='lat' dir='ltr'>primum</span> <span class='ocrx_word' id='word_1_9' title='bbox 1426 263 1711 342; x_wconf 73' lang='lat' dir='ltr'>immiscens,</span> 
     </span>
    </p>

    <p class='ocr_par' dir='ltr' id='par_1_3' title="bbox 235 321 1768 1411">
     <span class='ocr_line' id='line_1_3' title="bbox 285 321 1711 407; baseline -0.001 -25"><span class='ocrx_word' id='word_1_10' title='bbox 285 333 456 382; x_wconf 85' lang='lat' dir='ltr'>eximia</span> <span class='ocrx_word' id='word_1_11' title='bbox 494 333 699 407; x_wconf 84' lang='lat' dir='ltr'>corporis</span> <span class='ocrx_word' id='word_1_12' title='bbox 740 329 983 384; x_wconf 81' lang='lat' dir='ltr'>venustate</span> <span class='ocrx_word' id='word_1_13' title='bbox 1034 330 1344 393; x_wconf 72' lang='lat' dir='ltr'>(iugulorum</span> <span class='ocrx_word' id='word_1_14' title='bbox 1379 332 1549 379; x_wconf 83' lang='lat' dir='ltr'>animis</span> <span class='ocrx_word' id='word_1_15' title='bbox 1589 321 1711 380; x_wconf 49' lang='lat' dir='ltr'>sum-¹</span> 
     </span>
     <span class='ocr_line' id='line_1_4' title="bbox 280 397 1709 461; baseline 0.001 -14"><span class='ocrx_word' id='word_1_16' title='bbox 280 416 413 448; x_wconf 85' lang='lat' dir='ltr'>mum</span> <span class='ocrx_word' id='word_1_17' title='bbox 438 402 611 447; x_wconf 87' lang='lat' dir='ltr'>amoris</span> <span class='ocrx_word' id='word_1_18' title='bbox 639 398 708 447; x_wconf 83' lang='lat' dir='ltr'>sui</span> <span class='ocrx_word' id='word_1_19' title='bbox 731 397 1004 451; x_wconf 81' lang='lat' dir='ltr'>defiderium</span> <span class='ocrx_word' id='word_1_20' title='bbox 1039 398 1244 447; x_wconf 85' lang='lat' dir='ltr'>instillat.</span> <span class='ocrx_word' id='word_1_21' title='bbox 1315 400 1608 461; x_wconf 75' lang='lat' dir='ltr'>Argumento</span> <span class='ocrx_word' id='word_1_22' title='bbox 1628 416 1709 448; x_wconf 84' lang='lat' dir='ltr'>ex·-</span> 
     </span>
     <span class='ocr_line' id='line_1_5' title="bbox 280 465 1712 531; baseline 0 -15"><span class='ocrx_word' id='word_1_23' title='bbox 280 467 429 531; x_wconf 83' lang='lat' dir='ltr'>pofito</span> <span class='ocrx_word' id='word_1_24' title='bbox 474 467 533 515; x_wconf 92' lang='lat' dir='ltr'>de</span> <span class='ocrx_word' id='word_1_25' title='bbox 571 469 786 515; x_wconf 80' lang='lat' dir='ltr'><strong>carminis</strong></span> <span class='ocrx_word' id='word_1_26' title='bbox 824 468 1078 529; x_wconf 87' lang='lat' dir='ltr'>virtutibus</span> <span class='ocrx_word' id='word_1_27' title='bbox 1116 468 1314 528; x_wconf 77' lang='lat' dir='ltr'>amplius</span> <span class='ocrx_word' id='word_1_28' title='bbox 1341 468 1512 517; x_wconf 33' lang='lat' dir='ltr'>,dicere</span> <span class='ocrx_word' id='word_1_29' title='bbox 1551 465 1712 530; x_wconf 79' lang='lat' dir='ltr'>super-</span> 
     </span>
     <span class='ocr_line' id='line_1_6' title="bbox 278 532 1708 598; baseline 0.001 -14"><span class='ocrx_word' id='word_1_30' title='bbox 278 535 432 585; x_wconf 80' lang='lat' dir='ltr'>sede0.</span> <span class='ocrx_word' id='word_1_31' title='bbox 551 535 637 584; x_wconf 86' lang='lat' dir='ltr'>Sed</span> <span class='ocrx_word' id='word_1_32' title='bbox 689 535 748 582; x_wconf 88' lang='lat' dir='ltr'>de</span> <span class='ocrx_word' id='word_1_33' title='bbox 801 534 1159 596; x_wconf 84' lang='lat' dir='ltr'>epiphonemate</span> <span class='ocrx_word' id='word_1_34' title='bbox 1208 533 1270 593; x_wconf 84' lang='grc' dir='ltr'>Ιι)</span> <span class='ocrx_word' id='word_1_35' title='bbox 1330 534 1477 583; x_wconf 88' lang='lat' dir='ltr'>verbo</span> <span class='ocrx_word' id='word_1_36' title='bbox 1542 532 1708 598; x_wconf 75' lang='lat' dir='ltr'>saltem</span> 
     </span>
     <span class='ocr_line' id='line_1_7' title="bbox 279 603 1705 664; baseline -0.001 -12"><span class='ocrx_word' id='word_1_37' title='bbox 279 604 544 652; x_wconf 85' lang='lat' dir='ltr'>dicendum.</span> <span class='ocrx_word' id='word_1_38' title='bbox 616 603 674 649; x_wconf 92' lang='lat' dir='ltr'>In</span> <span class='ocrx_word' id='word_1_39' title='bbox 700 619 792 663; x_wconf 93' lang='lat' dir='ltr'>quo</span> <span class='ocrx_word' id='word_1_40' title='bbox 832 619 937 649; x_wconf 88' lang='lat' dir='ltr'>cum</span> <span class='ocrx_word' id='word_1_41' title='bbox 966 605 1096 655; x_wconf 90' lang='lat' dir='ltr'>Dea,</span> <span class='ocrx_word' id='word_1_42' title='bbox 1130 616 1185 649; x_wconf 87' lang='lat' dir='ltr'>vt</span> <span class='ocrx_word' id='word_1_43' title='bbox 1232 604 1421 650; x_wconf 84' lang='lat' dir='ltr'>canenti</span> <span class='ocrx_word' id='word_1_44' title='bbox 1463 604 1705 664; x_wconf 57' lang='lat' dir='ltr'>victoriam</span> 
     </span>
     <span class='ocr_line' id='line_1_8' title="bbox 274 669 1705 734; baseline -0.001 -14"><span class='ocrx_word' id='word_1_45' title='bbox 274 673 359 721; x_wconf 82' lang='lat' dir='ltr'>vel</span> <span class='ocrx_word' id='word_1_46' title='bbox 397 671 665 719; x_wconf 84' lang='lat' dir='ltr'>certaminis</span> <span class='ocrx_word' id='word_1_47' title='bbox 703 673 962 731; x_wconf 87' lang='lat' dir='ltr'>praemium</span> <span class='ocrx_word' id='word_1_48' title='bbox 1002 669 1257 718; x_wconf 85' lang='lat' dir='ltr'>concedere</span> <span class='ocrx_word' id='word_1_49' title='bbox 1293 669 1434 725; x_wconf 80' lang='lat' dir='ltr'>velit,</span> <span class='ocrx_word' id='word_1_50' title='bbox 1494 683 1705 734; x_wconf 82' lang='lat' dir='ltr'>rogetur3</span> 
     </span>
     <span class='ocr_line' id='line_1_9' title="bbox 272 737 1704 800; baseline -0.001 -12"><span class='ocrx_word' id='word_1_51' title='bbox 272 739 414 788; x_wconf 78' lang='lat' dir='ltr'>forte</span> <span class='ocrx_word' id='word_1_52' title='bbox 455 754 646 786; x_wconf 87' lang='lat' dir='ltr'>carmen</span> <span class='ocrx_word' id='word_1_53' title='bbox 702 737 792 791; x_wconf 86' lang='lat' dir='ltr'>hoc</span> <span class='ocrx_word' id='word_1_54' title='bbox 837 737 1024 800; x_wconf 78' lang='lat' dir='ltr'>Hymnis</span> <span class='ocrx_word' id='word_1_55' title='bbox 1058 740 1365 786; x_wconf 55' lang='lat' dir='ltr'>annumerari*</span> <span class='ocrx_word' id='word_1_56' title='bbox 1388 737 1558 797; x_wconf 76' lang='lat' dir='ltr'>dehere</span> <span class='ocrx_word' id='word_1_57' title='bbox 1592 739 1704 786; x_wconf 87' lang='lat' dir='ltr'>inde</span> 
     </span>
     <span class='ocr_line' id='line_1_10' title="bbox 274 804 1704 870; baseline 0 -15"><span class='ocrx_word' id='word_1_58' title='bbox 274 807 550 863; x_wconf 85' lang='lat' dir='ltr'>concludas,</span> <span class='ocrx_word' id='word_1_59' title='bbox 614 806 992 870; x_wconf 88' lang='lat' dir='ltr'>quandoquidem</span> <span class='ocrx_word' id='word_1_60' title='bbox 1038 808 1090 854; x_wconf 90' lang='lat' dir='ltr'>in</span> <span class='ocrx_word' id='word_1_61' title='bbox 1114 806 1263 854; x_wconf 90' lang='lat' dir='ltr'>libelli</span> <span class='ocrx_word' id='word_1_62' title='bbox 1293 805 1450 855; x_wconf 84' lang='lat' dir='ltr'>fronte</span> <span class='ocrx_word' id='word_1_63' title='bbox 1479 804 1704 855; x_wconf 84' lang='lat' dir='ltr'>Pausania</span> 
     </span>
     <span class='ocr_line' id='line_1_11' title="bbox 270 873 1704 937; baseline -0.001 -13"><span class='ocrx_word' id='word_1_64' title='bbox 270 876 389 924; x_wconf 90' lang='lat' dir='ltr'>teste</span> <span class='ocrx_word' id='word_1_65' title='bbox 411 873 776 928; x_wconf 80' lang='lat' dir='ltr'>affirmauimus,</span> <span class='ocrx_word' id='word_1_66' title='bbox 810 875 1097 936; x_wconf 84' lang='lat' dir='ltr'>hymnorum</span> <span class='ocrx_word' id='word_1_67' title='bbox 1129 877 1385 923; x_wconf 88' lang='lat' dir='ltr'>certamina</span> <span class='ocrx_word' id='word_1_68' title='bbox 1422 876 1544 937; x_wconf 85' lang='lat' dir='ltr'>apud</span> <span class='ocrx_word' id='word_1_69' title='bbox 1559 876 1704 923; x_wconf 85' lang='lat' dir='ltr'>Grae-</span> 
     </span>
     <span class='ocr_line' id='line_1_12' title="bbox 268 941 1768 1009; baseline -0.001 -19"><span class='ocrx_word' id='word_1_70' title='bbox 268 960 349 990; x_wconf 89' lang='lat' dir='ltr'>cos</span> <span class='ocrx_word' id='word_1_71' title='bbox 382 942 511 990; x_wconf 83' lang='lat' dir='ltr'>fuiffe</span> <span class='ocrx_word' id='word_1_72' title='bbox 548 941 856 1009; x_wconf 77' lang='lat' dir='ltr'>a11tiqujffima</span> <span class='ocrx_word' id='word_1_73' title='bbox 890 941 953 1000; x_wconf 83' lang='lat' dir='ltr'>i).</span> <span class='ocrx_word' id='word_1_74' title='bbox 1048 943 1302 989; x_wconf 86' lang='lat' dir='ltr'>Enimvero</span> <span class='ocrx_word' id='word_1_75' title='bbox 1349 958 1487 1003; x_wconf 87' lang='lat' dir='ltr'>quam</span> <span class='ocrx_word' id='word_1_76' title='bbox 1534 959 1702 1004; x_wconf 88' lang='lat' dir='ltr'>parum</span> <span class='ocrx_word' id='word_1_77' title='bbox 1766 955 1768 957; x_wconf 83' lang='grc'><em>·</em></span> 
     </span>
     <span class='ocr_line' id='line_1_13' title="bbox 264 1006 1699 1074; baseline 0.001 -17"><span class='ocrx_word' id='word_1_78' title='bbox 264 1011 379 1058; x_wconf 84' lang='lat' dir='ltr'>fidei</span> <span class='ocrx_word' id='word_1_79' title='bbox 413 1010 608 1074; x_wconf 81' lang='lat' dir='ltr'>epilogis</span> <span class='ocrx_word' id='word_1_80' title='bbox 646 1006 727 1056; x_wconf 80' lang='lat' dir='ltr'>his</span> <span class='ocrx_word' id='word_1_81' title='bbox 755 1009 1060 1057; x_wconf 89' lang='lat' dir='ltr'>tribuendum</span> <span class='ocrx_word' id='word_1_82' title='bbox 1102 1008 1182 1063; x_wconf 84' lang='lat' dir='ltr'>fit,</span> <span class='ocrx_word' id='word_1_83' title='bbox 1228 1010 1462 1071; x_wconf 89' lang='lat' dir='ltr'>pluribus</span> <span class='ocrx_word' id='word_1_84' title='bbox 1505 1025 1699 1073; x_wconf 83' lang='lat' dir='ltr'>monere</span> 
     </span>
     <span class='ocr_line' id='line_1_14' title="bbox 266 1074 1701 1139; baseline 0.001 -15"><span class='ocrx_word' id='word_1_85' title='bbox 266 1078 380 1139; x_wconf 87' lang='lat' dir='ltr'>quid</span> <span class='ocrx_word' id='word_1_86' title='bbox 407 1079 559 1139; x_wconf 77' lang='lat' dir='ltr'>opus?</span> <span class='ocrx_word' id='word_1_87' title='bbox 592 1078 711 1132; x_wconf 84' lang='lat' dir='ltr'>Nee,</span> <span class='ocrx_word' id='word_1_88' title='bbox 736 1075 912 1125; x_wconf 84' lang='lat' dir='ltr'>etiamfi</span> <span class='ocrx_word' id='word_1_89' title='bbox 941 1074 1100 1124; x_wconf 85' lang='lat' dir='ltr'>versus</span> <span class='ocrx_word' id='word_1_90' title='bbox 1117 1077 1203 1124; x_wconf 80' lang='lat' dir='ltr'>hos</span> <span class='ocrx_word' id='word_1_91' title='bbox 1226 1075 1314 1125; x_wconf 83' lang='lat' dir='ltr'>effe</span> <span class='ocrx_word' id='word_1_92' title='bbox 1332 1093 1579 1139; x_wconf 87' lang='lat' dir='ltr'>germanos</span> <span class='ocrx_word' id='word_1_93' title='bbox 1591 1094 1701 1126; x_wconf 83' lang='lat' dir='ltr'>con-</span> 
     </span>
     <span class='ocr_line' id='line_1_15' title="bbox 264 1139 1700 1207; baseline 0 -13"><span class='ocrx_word' id='word_1_94' title='bbox 264 1145 498 1199; x_wconf 66' lang='lat' dir='ltr'>cesserim,</span> <span class='ocrx_word' id='word_1_95' title='bbox 547 1145 686 1193; x_wconf 83' lang='lat' dir='ltr'>video</span> <span class='ocrx_word' id='word_1_96' title='bbox 719 1181 732 1199; x_wconf 92' lang='lat'>‚</span> <span class='ocrx_word' id='word_1_97' title='bbox 775 1147 857 1207; x_wconf 90' lang='lat' dir='ltr'>qui</span> <span class='ocrx_word' id='word_1_98' title='bbox 887 1140 1060 1192; x_wconf 63' lang='lat' dir='ltr'>factum</span> <span class='ocrx_word' id='word_1_99' title='bbox 1094 1144 1174 1199; x_wconf 86' lang='lat' dir='ltr'>fit,</span> <span class='ocrx_word' id='word_1_100' title='bbox 1236 1157 1291 1193; x_wconf 87' lang='lat' dir='ltr'>vt</span> <span class='ocrx_word' id='word_1_101' title='bbox 1324 1145 1506 1207; x_wconf 86' lang='lat' dir='ltr'>reliqua</span> <span class='ocrx_word' id='word_1_102' title='bbox 1528 1139 1700 1207; x_wconf 87' lang='lat' dir='ltr'>hymni</span> 
     </span>
     <span class='ocr_line' id='line_1_16' title="bbox 261 1211 1699 1277; baseline 0.001 -17"><span class='ocrx_word' id='word_1_103' title='bbox 261 1227 398 1277; x_wconf 85' lang='lat' dir='ltr'>parte</span> <span class='ocrx_word' id='word_1_104' title='bbox 431 1214 451 1271; x_wconf 92' lang='lat'>(</span> <span class='ocrx_word' id='word_1_105' title='bbox 464 1211 496 1260; x_wconf 85' lang='lat' dir='ltr'>fi</span> <span class='ocrx_word' id='word_1_106' title='bbox 518 1215 642 1261; x_wconf 90' lang='lat' dir='ltr'>enim</span> <span class='ocrx_word' id='word_1_107' title='bbox 666 1213 902 1274; x_wconf 83' lang='lat' dir='ltr'>hymnus,</span> <span class='ocrx_word' id='word_1_108' title='bbox 937 1215 1046 1267; x_wconf 83' lang='lat' dir='ltr'>vix,</span> <span class='ocrx_word' id='word_1_109' title='bbox 1083 1225 1137 1260; x_wconf 84' lang='lat' dir='ltr'>vt</span> <span class='ocrx_word' id='word_1_110' title='bbox 1163 1229 1292 1260; x_wconf 91' lang='lat' dir='ltr'>nunc</span> <span class='ocrx_word' id='word_1_111' title='bbox 1318 1211 1408 1268; x_wconf 85' lang='lat' dir='ltr'>est,</span> <span class='ocrx_word' id='word_1_112' title='bbox 1465 1229 1549 1276; x_wconf 88' lang='lat' dir='ltr'>pro</span> <span class='ocrx_word' id='word_1_113' title='bbox 1575 1216 1699 1262; x_wconf 86' lang='lat' dir='ltr'>inte-</span> 
     </span>
     <span class='ocr_line' id='line_1_17' title="bbox 235 1273 1699 1343; baseline 0.001 -14"><span class='ocrx_word' id='word_1_114' title='bbox 235 1275 350 1343; x_wconf 65' lang='lat' dir='ltr'>&#39;gro</span> <span class='ocrx_word' id='word_1_115' title='bbox 376 1280 647 1329; x_wconf 87' lang='lat' dir='ltr'>habendum</span> <span class='ocrx_word' id='word_1_116' title='bbox 681 1278 906 1338; x_wconf 88' lang='lat' dir='ltr'>carmen)</span> <span class='ocrx_word' id='word_1_117' title='bbox 941 1280 1206 1341; x_wconf 86' lang='lat' dir='ltr'>deperdita,</span> <span class='ocrx_word' id='word_1_118' title='bbox 1250 1273 1463 1342; x_wconf 88' lang='lat' dir='ltr'>epilogus</span> <span class='ocrx_word' id='word_1_119' title='bbox 1517 1274 1699 1331; x_wconf 74' lang='lat' dir='ltr'>conser-</span> 
     </span>
     <span class='ocr_line' id='line_1_18' title="bbox 260 1346 1694 1411; baseline -0.001 -16"><span class='ocrx_word' id='word_1_120' title='bbox 260 1351 680 1406; x_wconf 85' lang='lat' dir='ltr'>varetur.Q1ae</span> <span class='ocrx_word' id='word_1_121' title='bbox 712 1363 818 1394; x_wconf 87' lang='lat' dir='ltr'>cum</span> <span class='ocrx_word' id='word_1_122' title='bbox 850 1350 917 1394; x_wconf 85' lang='lat' dir='ltr'>ita</span> <span class='ocrx_word' id='word_1_123' title='bbox 952 1346 1065 1402; x_wconf 87' lang='lat' dir='ltr'>fint,</span> <span class='ocrx_word' id='word_1_124' title='bbox 1099 1346 1277 1394; x_wconf 81' lang='lat' dir='ltr'>foetum</span> <span class='ocrx_word' id='word_1_125' title='bbox 1308 1348 1436 1395; x_wconf 90' lang='lat' dir='ltr'>hunc</span> <span class='ocrx_word' id='word_1_126' title='bbox 1470 1346 1694 1411; x_wconf 80' lang='lat' dir='ltr'>spurium,</span> 
     </span>
    </p>
   </div>
   <div class='ocr_carea' id='block_1_3' title="bbox 259 1413 1696 1544">
    <p class='ocr_par' dir='ltr' id='par_1_4' title="bbox 259 1413 1696 1544">
     <span class='ocr_line' id='line_1_19' title="bbox 259 1413 1696 1477; baseline 0.001 -13"><span class='ocrx_word' id='word_1_127' title='bbox 259 1415 385 1465; x_wconf 82' lang='lat' dir='ltr'>forte</span> <span class='ocrx_word' id='word_1_128' title='bbox 406 1434 466 1463; x_wconf 81' lang='lat' dir='ltr'>ex</span> <span class='ocrx_word' id='word_1_129' title='bbox 488 1416 580 1463; x_wconf 88' lang='lat' dir='ltr'>alio</span> <span class='ocrx_word' id='word_1_130' title='bbox 610 1415 790 1477; x_wconf 85' lang='lat' dir='ltr'>hymno</span> <span class='ocrx_word' id='word_1_131' title='bbox 826 1413 1093 1469; x_wconf 83' lang='lat' dir='ltr'>subditum,</span> <span class='ocrx_word' id='word_1_132' title='bbox 1140 1432 1365 1476; x_wconf 80' lang='lat' dir='ltr'>agnosco,</span> <span class='ocrx_word' id='word_1_133' title='bbox 1399 1433 1493 1477; x_wconf 91' lang='lat' dir='ltr'>quo</span> <span class='ocrx_word' id='word_1_134' title='bbox 1536 1430 1696 1465; x_wconf 87' lang='lat' dir='ltr'>tamen</span> 
     </span>
     <span class='ocr_line' id='line_1_20' title="bbox 262 1483 1696 1544; baseline -0.003 -14"><span class='ocrx_word' id='word_1_135' title='bbox 262 1500 370 1530; x_wconf 87' lang='lat' dir='ltr'>cum</span> <span class='ocrx_word' id='word_1_136' title='bbox 412 1486 557 1540; x_wconf 80' lang='lat' dir='ltr'>maior</span> <span class='ocrx_word' id='word_1_137' title='bbox 586 1485 781 1529; x_wconf 84' lang='lat' dir='ltr'>carmini</span> <span class='ocrx_word' id='word_1_138' title='bbox 818 1483 1094 1529; x_wconf 84' lang='lat' dir='ltr'>concilietur</span> <span class='ocrx_word' id='word_1_139' title='bbox 1131 1485 1405 1544; x_wconf 86' lang='lat' dir='ltr'>antiquitas,</span> <span class='ocrx_word' id='word_1_140' title='bbox 1452 1485 1696 1530; x_wconf 82' lang='lat' dir='ltr'>Gramma-</span> 
     </span>
    </p>
   </div>
   <div class='ocr_carea' id='block_1_4' title="bbox 259 1548 1761 1699">
    <p class='ocr_par' dir='ltr' id='par_1_5' title="bbox 259 1548 1761 1673">
     <span class='ocr_line' id='line_1_21' title="bbox 260 1548 1761 1611; baseline 0.001 -12"><span class='ocrx_word' id='word_1_141' title='bbox 260 1553 367 1606; x_wconf 86' lang='lat' dir='ltr'>tici,</span> <span class='ocrx_word' id='word_1_142' title='bbox 391 1552 473 1611; x_wconf 93' lang='lat' dir='ltr'>qui</span> <span class='ocrx_word' id='word_1_143' title='bbox 490 1566 598 1598; x_wconf 88' lang='lat' dir='ltr'>eum</span> <span class='ocrx_word' id='word_1_144' title='bbox 623 1548 703 1598; x_wconf 91' lang='lat' dir='ltr'>seu</span> <span class='ocrx_word' id='word_1_145' title='bbox 735 1548 830 1611; x_wconf 89' lang='lat' dir='ltr'>ipse</span> <span class='ocrx_word' id='word_1_146' title='bbox 856 1552 1117 1611; x_wconf 88' lang='lat' dir='ltr'>generarit,</span> <span class='ocrx_word' id='word_1_147' title='bbox 1148 1548 1228 1598; x_wconf 89' lang='lat' dir='ltr'>seu</span> <span class='ocrx_word' id='word_1_148' title='bbox 1260 1568 1319 1599; x_wconf 88' lang='lat' dir='ltr'>ex</span> <span class='ocrx_word' id='word_1_149' title='bbox 1352 1549 1490 1598; x_wconf 84' lang='lat' dir='ltr'>simili</span> <span class='ocrx_word' id='word_1_150' title='bbox 1517 1550 1650 1599; x_wconf 82' lang='lat' dir='ltr'>solo</span> <span class='ocrx_word' id='word_1_151' title='bbox 1638 1569 1691 1600; x_wconf 89' lang='lat' dir='ltr'>m</span> <span class='ocrx_word' id='word_1_152' title='bbox 1759 1566 1761 1568; x_wconf 83' lang='grc'><em>·</em></span> 
     </span>
     <span class='ocr_line' id='line_1_22' title="bbox 259 1616 1690 1699; baseline 0.001 -33"><span class='ocrx_word' id='word_1_153' title='bbox 259 1618 352 1667; x_wconf 83' lang='grc'>1100</span> <span class='ocrx_word' id='word_1_154' title='bbox 393 1616 642 1672; x_wconf 84' lang='lat' dir='ltr'>inseuerit‚</span> <span class='ocrx_word' id='word_1_155' title='bbox 709 1617 742 1664; x_wconf 86' lang='lat' dir='ltr'><strong>fi</strong></span> <span class='ocrx_word' id='word_1_156' title='bbox 781 1633 880 1664; x_wconf 92' lang='lat' dir='ltr'>non</span> <span class='ocrx_word' id='word_1_157' title='bbox 927 1617 1212 1673; x_wconf 62' lang='lat' dir='ltr'>doctrinam,</span> <span class='ocrx_word' id='word_1_158' title='bbox 1277 1632 1404 1667; x_wconf 88' lang='lat' dir='ltr'>certe</span> <span class='ocrx_word' id='word_1_159' title='bbox 1434 1617 1690 1699; x_wconf 83' lang='lat' dir='ltr'>lollertiam</span> 
     </span>
    </p>
   </div>
   <div class='ocr_carea' id='block_1_5' title="bbox 257 1686 853 1749">
    <p class='ocr_par' dir='ltr' id='par_1_6' title="bbox 257 1686 853 1749">
     <span class='ocr_line' id='line_1_23' title="bbox 257 1686 853 1749; baseline -0.007 -14"><span class='ocrx_word' id='word_1_160' title='bbox 257 1686 397 1749; x_wconf 86' lang='lat' dir='ltr'>prodi</span> <span class='ocrx_word' id='word_1_161' title='bbox 428 1696 527 1734; x_wconf 74' lang='lat' dir='ltr'>non</span> <span class='ocrx_word' id='word_1_162' title='bbox 568 1687 853 1748; x_wconf 83' lang='lat' dir='ltr'>negauerim.</span> 
     </span>
    </p>
   </div>
   <div class='ocr_carea' id='block_1_6' title="bbox 584 1829 1329 1908">
    <p class='ocr_par' dir='ltr' id='par_1_7' title="bbox 584 1829 1329 1908">
     <span class='ocr_line' id='line_1_24' title="bbox 584 1829 1329 1908; baseline 0.004 -20"><span class='ocrx_word' id='word_1_163' title='bbox 584 1839 818 1888; x_wconf 91' lang='lat' dir='ltr'>XXVIII.</span> <span class='ocrx_word' id='word_1_164' title='bbox 897 1838 994 1895; x_wconf 85' lang='grc' dir='ltr'>Εις</span> <span class='ocrx_word' id='word_1_165' title='bbox 1038 1829 1329 1908; x_wconf 44' lang='lat' dir='ltr'>*Aenum</span> 
     </span>
    </p>
   </div>
   <div class='ocr_carea' id='block_1_7' title="bbox 251 1945 1698 2349">
    <p class='ocr_par' dir='ltr' id='par_1_8' title="bbox 251 1945 1698 2349">
     <span class='ocr_line' id='line_1_25' title="bbox 411 1945 1698 2010; baseline 0.006 -17"><span class='ocrx_word' id='word_1_166' title='bbox 411 1945 617 1995; x_wconf 88' lang='lat' dir='ltr'>Exhibet</span> <span class='ocrx_word' id='word_1_167' title='bbox 638 1949 925 2010; x_wconf 85' lang='lat' dir='ltr'>poematium</span> <span class='ocrx_word' id='word_1_168' title='bbox 962 1948 1050 1997; x_wconf 90' lang='lat' dir='ltr'>hoc</span> <span class='ocrx_word' id='word_1_169' title='bbox 1093 1952 1295 2000; x_wconf 83' lang='lat' dir='ltr'>Dianam</span> <span class='ocrx_word' id='word_1_170' title='bbox 1323 1951 1527 2002; x_wconf 87' lang='lat' dir='ltr'>ferarum</span> <span class='ocrx_word' id='word_1_171' title='bbox 1549 1969 1698 2003; x_wconf 86' lang='lat' dir='ltr'>vena--</span> 
     </span>
     <span class='ocr_line' id='line_1_26' title="bbox 258 2015 1688 2083; baseline 0.006 -21"><span class='ocrx_word' id='word_1_172' title='bbox 258 2015 449 2067; x_wconf 79' lang='lat' dir='ltr'>tricem,</span> <span class='ocrx_word' id='word_1_173' title='bbox 485 2015 791 2077; x_wconf 83' lang='lat' dir='ltr'>eamdemque</span> <span class='ocrx_word' id='word_1_174' title='bbox 819 2020 870 2064; x_wconf 87' lang='grc'>111</span> <span class='ocrx_word' id='word_1_175' title='bbox 907 2019 1138 2078; x_wconf 84' lang='lat' dir='ltr'>Apollinis</span> <span class='ocrx_word' id='word_1_176' title='bbox 1166 2019 1321 2069; x_wconf 86' lang='lat' dir='ltr'>fratris</span> <span class='ocrx_word' id='word_1_177' title='bbox 1354 2022 1545 2083; x_wconf 88' lang='lat' dir='ltr'>templo,</span> <span class='ocrx_word' id='word_1_178' title='bbox 1561 2022 1688 2083; x_wconf 80' lang='lat' dir='ltr'>quod</span> 
     </span>
     <span class='ocr_line' id='line_1_27' title="bbox 256 2081 1688 2150; baseline 0.006 -21"><span class='ocrx_word' id='word_1_179' title='bbox 256 2081 482 2129; x_wconf 84' lang='lat' dir='ltr'>venando</span> <span class='ocrx_word' id='word_1_180' title='bbox 506 2081 612 2128; x_wconf 84' lang='lat' dir='ltr'>feffa</span> <span class='ocrx_word' id='word_1_181' title='bbox 640 2082 788 2137; x_wconf 83' lang='lat' dir='ltr'>iubit,</span> <span class='ocrx_word' id='word_1_182' title='bbox 822 2083 1063 2131; x_wconf 84' lang='lat' dir='ltr'>Musarum</span> <span class='ocrx_word' id='word_1_183' title='bbox 1100 2089 1463 2150; x_wconf 84' lang='lat' dir='ltr'>Gratiarumque</span> <span class='ocrx_word' id='word_1_184' title='bbox 1495 2088 1688 2138; x_wconf 87' lang='lat' dir='ltr'>choreas</span> 
     </span>
     <span class='ocr_line' id='line_1_28' title="bbox 252 2149 1687 2218; baseline 0.008 -24"><span class='ocrx_word' id='word_1_185' title='bbox 252 2149 596 2196; x_wconf 87' lang='lat' dir='ltr'>moderantem.</span> <span class='ocrx_word' id='word_1_186' title='bbox 667 2150 738 2197; x_wconf 91' lang='lat' dir='ltr'>Ad</span> <span class='ocrx_word' id='word_1_187' title='bbox 767 2168 865 2198; x_wconf 87' lang='lat' dir='ltr'>rem</span> <span class='ocrx_word' id='word_1_188' title='bbox 902 2150 959 2199; x_wconf 86' lang='lat' dir='ltr'>cf.</span> <span class='ocrx_word' id='word_1_189' title='bbox 987 2153 1171 2202; x_wconf 88' lang='lat' dir='ltr'>Callim.</span> <span class='ocrx_word' id='word_1_190' title='bbox 1198 2156 1343 2218; x_wconf 86' lang='lat' dir='ltr'>Hym.</span> <span class='ocrx_word' id='word_1_191' title='bbox 1367 2159 1417 2203; x_wconf 88' lang='lat' dir='ltr'>in</span> <span class='ocrx_word' id='word_1_192' title='bbox 1448 2158 1586 2205; x_wconf 83' lang='lat' dir='ltr'>Dian.</span> <span class='ocrx_word' id='word_1_193' title='bbox 1614 2159 1687 2206; x_wconf 87' lang='lat' dir='ltr'>in-</span> 
     </span>
     <span class='ocr_line' id='line_1_29' title="bbox 251 2216 1682 2287; baseline 0.008 -24"><span class='ocrx_word' id='word_1_194' title='bbox 251 2219 415 2278; x_wconf 88' lang='lat' dir='ltr'>primis</span> <span class='ocrx_word' id='word_1_195' title='bbox 441 2216 691 2278; x_wconf 88' lang='lat' dir='ltr'>Spanhem.</span> <span class='ocrx_word' id='word_1_196' title='bbox 727 2220 991 2267; x_wconf 87' lang='lat' dir='ltr'>Comment.</span> <span class='ocrx_word' id='word_1_197' title='bbox 1019 2221 1076 2267; x_wconf 90' lang='lat' dir='ltr'>ad</span> <span class='ocrx_word' id='word_1_198' title='bbox 1114 2221 1178 2271; x_wconf 90' lang='lat' dir='ltr'>vs.</span> <span class='ocrx_word' id='word_1_199' title='bbox 1224 2234 1682 2287; x_wconf 87' lang='lat'><em>1.3.11.17.18.</em></span> 
     </span>
     <span class='ocr_line' id='line_1_30' title="bbox 258 2279 1683 2349; baseline 0.006 -17"><span class='ocrx_word' id='word_1_200' title='bbox 258 2287 367 2345; x_wconf 87' lang='lat'><strong>169.</strong></span> <span class='ocrx_word' id='word_1_201' title='bbox 439 2285 581 2331; x_wconf 88' lang='lat' dir='ltr'>Hom.</span> <span class='ocrx_word' id='word_1_202' title='bbox 607 2284 701 2333; x_wconf 90' lang='lat' dir='ltr'>Od.</span> <span class='ocrx_word' id='word_1_203' title='bbox 715 2279 764 2349; x_wconf 75' lang='grc' dir='ltr'>ζ’</span> <span class='ocrx_word' id='word_1_204' title='bbox 796 2302 900 2335; x_wconf 88' lang='lat'>102.</span> <span class='ocrx_word' id='word_1_205' title='bbox 976 2288 1063 2336; x_wconf 92' lang='lat' dir='ltr'>Sed</span> <span class='ocrx_word' id='word_1_206' title='bbox 1097 2292 1374 2339; x_wconf 90' lang='lat' dir='ltr'>tribuuntur</span> <span class='ocrx_word' id='word_1_207' title='bbox 1395 2290 1441 2339; x_wconf 93' lang='lat' dir='ltr'>h.</span> <span class='ocrx_word' id='word_1_208' title='bbox 1456 2293 1487 2339; x_wconf 90' lang='lat' dir='ltr'>l.</span> <span class='ocrx_word' id='word_1_209' title='bbox 1501 2294 1683 2341; x_wconf 87' lang='lat' dir='ltr'>Dianae</span> 
     </span>
    </p>
   </div>
   <div class='ocr_carea' id='block_1_8' title="bbox 250 2350 1760 2472">
    <p class='ocr_par' dir='ltr' id='par_1_9' title="bbox 250 2350 1760 2472">
     <span class='ocr_line' id='line_1_31' title="bbox 250 2350 1760 2423; baseline 0.008 -28"><span class='ocrx_word' id='word_1_210' title='bbox 250 2350 481 2413; x_wconf 77' lang='lat' dir='ltr'>Musarum</span> <span class='ocrx_word' id='word_1_211' title='bbox 523 2370 575 2399; x_wconf 82' lang='lat' dir='ltr'>ac</span> <span class='ocrx_word' id='word_1_212' title='bbox 610 2351 865 2400; x_wconf 79' lang='lat' dir='ltr'>Gratiarum</span> <span class='ocrx_word' id='word_1_213' title='bbox 906 2354 1017 2401; x_wconf 77' lang='lat' dir='ltr'>chori</span> <span class='ocrx_word' id='word_1_214' title='bbox 1031 2389 1045 2410; x_wconf 88' lang='lat'>‚</span> <span class='ocrx_word' id='word_1_215' title='bbox 1108 2360 1184 2405; x_wconf 92' lang='lat' dir='ltr'>cui</span> <span class='ocrx_word' id='word_1_216' title='bbox 1233 2358 1344 2407; x_wconf 84' lang='lat' dir='ltr'>alias</span> <span class='ocrx_word' id='word_1_217' title='bbox 1382 2359 1681 2423; x_wconf 77' lang='lat' dir='ltr'>Nympharum</span> <span class='ocrx_word' id='word_1_218' title='bbox 1757 2386 1760 2394; x_wconf 72' lang='lat'>=</span> 
     </span>
     <span class='ocr_line' id='line_1_32' title="bbox 1521 2426 1759 2472; baseline 0.013 -2"><span class='ocrx_word' id='word_1_219' title='bbox 1521 2426 1685 2472; x_wconf 78' lang='lat' dir='ltr'>choreas</span> <span class='ocrx_word' id='word_1_220' title='bbox 1756 2445 1759 2448; x_wconf 78' lang='grc'><strong>’</strong></span> 
     </span>
    </p>
   </div>
   <div class='ocr_carea' id='block_1_9' title="bbox 236 2535 1282 2697">
    <p class='ocr_par' dir='ltr' id='par_1_10' title="bbox 236 2535 1282 2697">
     <span class='ocr_line' id='line_1_33' title="bbox 313 2535 1282 2585; baseline 0.01 -16"><span class='ocrx_word' id='word_1_221' title='bbox 313 2535 365 2582; x_wconf 79' lang='lat' dir='ltr'>h)</span> <span class='ocrx_word' id='word_1_222' title='bbox 391 2539 474 2580; x_wconf 67' lang='grc' dir='ltr'><strong><em>Χαῖρ’</em></strong></span> <span class='ocrx_word' id='word_1_223' title='bbox 495 2541 732 2585; x_wconf 65' lang='grc' dir='ltr'>ἑλικοβλέφαρε,</span> <span class='ocrx_word' id='word_1_224' title='bbox 757 2547 999 2582; x_wconf 68' lang='grc' dir='ltr'><strong><em>γλυκυμείλιχε,</em></strong></span> <span class='ocrx_word' id='word_1_225' title='bbox 1034 2543 1079 2578; x_wconf 76' lang='grc' dir='ltr'>ὃὸς</span> <span class='ocrx_word' id='word_1_226' title='bbox 1111 2544 1175 2576; x_wconf 73' lang='grc' dir='ltr'>δ’ἒν</span> <span class='ocrx_word' id='word_1_227' title='bbox 1194 2548 1282 2585; x_wconf 73' lang='grc' dir='ltr'><em>ἆγῦνι</em></span> 
     </span>
     <span class='ocr_line' id='line_1_34' title="bbox 418 2597 1195 2643; baseline 0.008 -13"><span class='ocrx_word' id='word_1_228' title='bbox 418 2603 512 2633; x_wconf 73' lang='grc' dir='ltr'><strong><em>Νἰκιιν</em></strong></span> <span class='ocrx_word' id='word_1_229' title='bbox 548 2601 620 2639; x_wconf 71' lang='grc' dir='ltr'>τῷδε</span> <span class='ocrx_word' id='word_1_230' title='bbox 646 2602 800 2641; x_wconf 64' lang='grc' dir='ltr'>φέρεσθαι,</span> <span class='ocrx_word' id='word_1_231' title='bbox 822 2603 891 2640; x_wconf 75' lang='grc' dir='ltr'>ἔμῆν</span> <span class='ocrx_word' id='word_1_232' title='bbox 913 2597 1064 2636; x_wconf 75' lang='grc' dir='ltr'><strong><em>δ”έντυνον</em></strong></span> <span class='ocrx_word' id='word_1_233' title='bbox 1086 2606 1195 2643; x_wconf 42' lang='lat' dir='ltr'>lomim,</span> 
     </span>
     <span class='ocr_line' id='line_1_35' title="bbox 236 2642 683 2697; baseline 0 -12"><span class='ocrx_word' id='word_1_234' title='bbox 236 2642 248 2648; x_wconf 74' lang='grc'><strong>“</strong></span> <span class='ocrx_word' id='word_1_235' title='bbox 313 2648 355 2697; x_wconf 83' lang='grc' dir='ltr'>ι’)</span> <span class='ocrx_word' id='word_1_236' title='bbox 375 2645 418 2683; x_wconf 85' lang='lat' dir='ltr'>cf.</span> <span class='ocrx_word' id='word_1_237' title='bbox 444 2648 528 2684; x_wconf 62' lang='lat' dir='ltr'>Sea.</span> <span class='ocrx_word' id='word_1_238' title='bbox 548 2651 572 2683; x_wconf 89' lang='lat'>1.</span> <span class='ocrx_word' id='word_1_239' title='bbox 595 2660 630 2697; x_wconf 81' lang='lat' dir='ltr'>p.</span> <span class='ocrx_word' id='word_1_240' title='bbox 652 2659 683 2697; x_wconf 81' lang='lat'>5.</span> 
     </span>
    </p>
   </div>
  </div>
 </body>
</html>
