1804 3028
217 105 287 157 40

225 197 279 246 in
303 195 513 246 moribus
529 189 531 191 ’
544 190 848 255 ρεῐῑοιωωηι
878 191 1186 257 depingendis
1220 210 1306 242 arS.
1378 197 1508 252 Quid
1526 198 1652 247 Mer.

230 266 350 317 curii
375 261 665 310 sermonibus
696 258 796 323 (vs.
837 259 1169 323 260-277.)
1197 261 1259 310 ad
1272 259 1533 316 callidum,-
1553 280 1658 312 ver-

227 330 410 385 sutum,
471 330 615 378 variis
644 327 763 379 dolis
796 331 1102 381 exercitatum
1139 331 1385 392 ingenium
1418 328 1658 380 declarari-

230 401 369 452 dum,
433 398 642 458 pulcrius
686 398 931 458 aptiusque
964 398 1219 459 excogitari
1250 396 1430 460 potest?
1500 395 1660 457 Quam

230 465 384 528 lepide
404 464 529 515 idem
557 483 581 515 a
607 465 814 520 crimine,
850 466 984 515 cuius
1002 464 1322 520 insimulatur,
1357 465 1660 514 coramloue

228 533 276 584 se
302 533 517 583 defendit
549 532 612 581 vs
642 535 736 592 368
759 558 820 565 —
839 536 965 593 386!
1038 532 1164 593 Qid
1199 536 1360 580 verius
1391 532 1449 580 ad
1501 548 1662 582 rerum

229 614 451 652 naturam
472 598 754 661 express'um,
799 616 941 663 quam
981 600 1210 664 agricolae
1243 600 1375 649 illius
1408 602 1556 651 oratio
1592 596 1658 655 vs.

232 686 327 721 201
347 685 479 719 -21
499 684 509 714 ι
532 669 554 716 1²
590 668 738 716 Vides
757 666 1060 718 haesitantem
1097 667 1256 717 senem
1275 703 1289 723 ,
1334 667 1665 731 mandatorum

233 739 403 799 quippe
422 771 436 791 ,
472 751 593 800 quae
611 752 639 783 a
668 737 906 786 Mercurio
940 749 1198 799 acceperat,
1235 736 1355 785 bene
1391 753 1663 791 memorem,

234 806 446 866 adeoque
469 805 761 858 dubitanter,
795 822 847 854 ac
885 822 966 866 per
1000 806 1232 867 ambages,
1265 803 1382 853 furti
1428 808 1665 867 audiorem

233 873 537 921 indicantem.
610 874 746 932 Quae
771 876 929 922 omnia
950 871 1092 923 fufius
1116 871 1344 935 persequi,
1374 874 1519 936 inque
1550 888 1665 928 con-

235 940 452 1002 gerendis
476 940 863 1000 excutiendisque
884 941 1098 1000 pluribus
1131 941 1247 988 locis
1281 940 1486 989 multum
1514 940 1666 988 videri

233 1008 389 1062 velle,
424 1023 499 1057 res
523 1005 649 1057 haud
680 1007 796 1055 adeo
827 1005 1027 1056 difficilis
1051 1006 1175 1056 foret
1184 1026 1198 1060 3
1238 1007 1374 1056 nobis
1419 1021 1578 1056 tamen
1612 1009 1666 1057 in

231 1075 321 1125 hac
389 1092 546 1123 rerum
599 1077 732 1135 copia
785 1092 932 1141 pauca
974 1074 1089 1126 haec
1123 1074 1258 1126 velut
1302 1076 1446 1139 digito
1479 1088 1667 1126 tantum

234 1141 500 1197 monstrasse
530 1140 712 1195 sufficit.

570 1281 673 1334 III.
752 1282 959 1351 Hymnus
1010 1282 1057 1334 in
1106 1280 1328 1334 Venerem.

389 1413 595 1460 Carmen
614 1410 730 1465 hoc,
766 1410 907 1459 modo
931 1423 1262 1473 argumentum
1294 1408 1327 1459 fi
1351 1408 1537 1473 (peaes,
1571 1427 1672 1459 mo·-

238 1481 299 1530 do
326 1480 538 1530 dictionis
566 1492 788 1528 ornatum
810 1492 859 1529 et
888 1479 1193 1540 elegantiam,
1240 1478 1553 1542 digniffimum
1587 1479 1669 1534 est,

239 1549 366 1610 quod
397 1565 503 1596 cum
537 1547 830 1611 pulcerrimis
856 1548 1079 1608 antiquae
1108 1546 1298 1608 poeseos
1346 1549 1666 1613 monumentis

237 1614 511 1666 contendas.
583 1614 815 1668 Fabulae,
851 1630 971 1677 quae
986 1617 1225 1664 materiem
1238 1614 1418 1676 hymno
1438 1615 1671 1677 praebuit,

235 1683 416 1735 fundus
439 1682 630 1745 quidem
647 1681 928 1732 Homericus
958 1681 1037 1730 est.
1076 1700 1122 1731 v.
1149 1683 1205 1732 Il.
1230 1679 1256 1731 ε’
1280 1698 1392 1750 247.
1417 1692 1528 1748 248.
1556 1698 1667 1745 313.

238 1770 336 1814 quo
367 1752 535 1801 vltimo
574 1751 680 1799 loco
714 1753 883 1799 Venus
916 1752 1122 1800 Aeneam
1156 1752 1323 1805 filium,
1361 1769 1419 1800 ex
1445 1750 1670 1801 Anchisae

238 1819 437 1868 bubulci
464 1819 721 1869 concubitu
752 1833 943 1873 natum,
979 1835 1005 1865 e
1029 1821 1294 1869 certaminis
1314 1833 1421 1869 cum
1441 1819 1672 1877 Diomede

237 1886 420 1938 summo
440 1885 702 1937 discrimine
736 1888 935 1947 eripiens
965 1886 1172 1948 fingitur.
1277 1890 1339 1937 At
1370 1890 1422 1936 in
1460 1889 1672 1937 Homero

238 1968 297 2004 vt
329 1956 638 2015 plurimarum
668 1952 959 2008 fabularum,
1014 1955 1077 2002 ita
1124 1954 1267 2005 huius
1307 1968 1494 2006 tantum
1521 1957 1673 2020 prima

239 2021 418 2073 semina
438 2021 584 2083 sparsa
608 2022 765 2076 videS,
798 2040 823 2070 a
847 2021 1136 2084 sequioribus
1158 2024 1348 2072 demum
1378 2026 1542 2084 poetis,
1566 2037 1669 2073 tum

241 2091 429 2151 cyclicis
451 2090 723 2150 appellatis,
760 2101 859 2138 tum
887 2090 1111 2152 Tragicis,
1154 2103 1348 2154 excepta
1379 2103 1521 2155 atque
1554 2091 1671 2140 adeo

242 2158 393 2212 culta,
431 2170 486 2208 vt
506 2156 757 2207 nouainde
769 2161 971 2208 carmina
994 2158 1249 2220 prodirent.
1322 2159 1674 2212 Similiterhanc

242 2227 301 2277 de
347 2228 549 2275 Veneris
595 2238 645 2276 et
684 2224 911 2275 Anchisae
957 2224 1196 2287 congressu
1235 2225 1470 2283 fabulam,
1530 2243 1673 2293 quam

238 2294 385 2343 'modo
412 2296 631 2360 attigerat
656 2294 907 2350 HomeruS,
941 2296 1000 2344 iis
1021 2296 1222 2344 maxime
1244 2297 1671 2358 carminibus,'quae

241 2359 559 2409 Antehomerica
596 2361 730 2425 s‘res
760 2362 904 2423 gestas
944 2362 1139 2414 Iliadem
1177 2363 1507 2414 antecedentes
1548 2379 1673 2412 com-

241 2429 593 2496 plectebantur,
630 2429 911 2481 celebratam
940 2428 1027 2480 effe
1056 2431 1249 2481 coniicio
1274 2450 1333 2482 ex
1366 2432 1516 2483 Schol.
1535 2430 1592 2481 ad
1614 2432 1669 2482 Il.

245 2495 284 2549 ν’
322 2512 431 2566 307.
502 2499 675 2551 Scholii
706 2502 865 2550 audior
933 2501 1173 2552 Venerem
1217 2501 1284 2553 ibi
1317 2501 1459 2555 tradit
1481 2501 1672 2556 oraculi,

1583 2586 1677 2635 quo
