1804 3028
800 145 931 159 ......
1202 166 1205 169 ,
1545 138 1574 187 9

157 224 430 275 festinanter
459 238 768 289 properarunt
788 226 860 282 ο).
930 226 1154 275 Nostrum
1172 228 1265 275 iam
1288 229 1376 277 erit
1398 228 1450 277 in
1480 228 1575 291 ipsa

157 307 373 342 veterum
389 299 628 343 auctorum
647 296 771 350 loca,
806 293 967 343 saltem
986 299 1181 357 potiora,
1206 297 1576 359 (nonnullorum

82 378 87 381 ’
155 363 284 410 euim
307 377 361 410 vt
388 363 607 423 Stephani
621 366 891 426 Byzantini,
908 366 989 425 qui
1021 362 1188 424 hymni
1212 367 1261 412 in
1284 365 1437 428 Apoll.
1469 382 1576 414 ver-

155 427 257 483 sum
279 428 362 476 sub
391 431 587 480 Homeri
613 435 804 480 nomine
840 432 1003 479 laudat
1055 445 1101 479 v.
1123 431 1406 491 Τευμησσὸςε
1478 435 1574 482 Au-

140 500 337 547 r=storum
363 498 419 545 de
444 501 795 554 Vita-Homeri,
828 500 1072 548 Herodoto
1101 497 1216 548 falso
1256 499 1490 564 adscripta,
1525 514 1574 550 et

156 566 438 615 Certaminis
462 570 602 615 Hom.
624 584 673 616 et
704 566 919 620 Hefiodi,:
985 568 1151 617 Suidae
1194 569 1422 630 denique,
1491 582 1575 617 aut

155 633 292 680 nulla
312 634 377 682 est
413 640 684 692 auctoritas,
715 649 796 684 aut
815 650 910 684 tam
932 639 1130 699 exigua,
1164 652 1219 684 vt
1244 654 1325 685 eos
1359 634 1573 685 consulto

135 700 399 761 omittam)
434 705 603 765 quibus
626 719 852 759 Vtuntur,
915 707 999 766 qui
1045 706 1307 753 Homerum
1337 708 1575 753 auctorem

153 768 441 830 hymnorum
483 771 569 820 effe
591 773 825 827 iudicant,
860 774 1115 821 accuratius
1148 774 1401 834 inquirere.
1480 774 1572 821 Hic

153 834 432 899 quiprimus
469 842 764 895 nominetur,
822 853 925 889 tum
966 841 1026 887 ob
1060 855 1286 895 aetatem,
1319 857 1411 901 qua
1441 843 1574 895 vixit,

151 903 253 969 tum
274 907 334 953 ob
357 905 583 954 summam
605 911 657 955 in
690 907 931 955 scribendo
959 908 1286 956 dexteritatem
1327 924 1380 955 ac
1420 908 1577 962 fidem,

152 974 319 1036 dignus
342 975 675 1024 existimabitur
712 976 968 1038 Thucydides
1055 978 1101 1024 Is
1133 976 1374 1024 Historiar.
1428 977 1459 1022 l.
1484 976 1574 1037 ΠΙ,

151 1059 187 1090 c.
223 1058 328 1106 104.
367 1043 425 1090 ad
447 1042 663 1105 Hymnum
684 1045 727 1088 in
752 1042 999 1103 Apollinem,
1035 1045 1192 1092 addito
1217 1046 1578 1098 auctorismem-

150 1126 209 1179 pe
238 1111 460 1177 Homeri,
497 1114 713 1167 nomine,
768 1129 1051 1172 prouocanS,
1106 1114 1327 1159 tredecim
1361 1113 1573 1159 eiusdem

94 1196 96 1198 ·
151 1176 311 1226 versus
346 1182 559 1240 apponit,
628 1182 711 1240 qui
751 1181 801 1226 in
838 1181 1140 1241 Hymnorum
1167 1180 1299 1227 libris
1332 1178 1484 1227 adhuc
1510 1180 1576 1226 le-

152 1258 355 1306 guntur:
456 1248 539 1293 Vs.
585 1250 711 1309 146-
741 1262 847 1306 150.
913 1251 1044 1307 165-
1072 1262 1176 1307 172.
1281 1248 1353 1295 Ex
1408 1247 1576 1294 eodem

151 1314 347 1373 Hymno
373 1311 559 1360 versum
590 1322 696 1374 189,
721 1328 769 1361 et
805 1331 863 1361 ex
895 1316 1042 1363 altero
1065 1317 1118 1362 in
1141 1314 1371 1369 Bacchum,
1440 1316 1573 1362 cuius

147 1379 411 1455 *fragmenta
433 1380 660 1429 habemus
673 1417 686 1437 ,
719 1381 898 1443 aliquot
899 1382 1079 1498 gersus
1092 1381 1254 1429 laudat
1275 1378 1572 1497 Di⁰d⁰rssp)'

980 1464 1001 1511 5
1495 1466 1576 1497 an-

223 1573 269 1619 o)
294 1571 455 1607 Conferas
474 1572 580 1606 modo
592 1598 601 1612 ,
627 1583 713 1617 quae
733 1583 783 1617 ap.
799 1570 888 1605 Fulv.
900 1571 1052 1606 Vrfinum
1074 1574 1236 1618 leguntur
1257 1573 1291 1605 in
1310 1572 1444 1617 Virgilii
1466 1584 1493 1605 c.
1506 1575 1575 1606 Ser.

300 1636 355 1668 Gr.
384 1633 494 1667 collat.
524 1647 554 1680 p.
574 1642 618 1679 45
650 1632 700 1666 ed.
724 1633 865 1667 Valken.
901 1632 1000 1671 „Nec
1020 1631 1129 1671 enim,
1163 1632 1296 1677 inquit,
1332 1632 1397 1666 vllo
1423 1644 1575 1679 vnquam

299 1693 397 1739 pacto
426 1693 620 1739 persuadere
648 1692 733 1726 mihi
761 1692 879 1737 potui,
914 1694 1054 1737 hymnos
1086 1692 1160 1726 illos
1193 1695 1346 1727 Homero
1373 1694 1575 1728 tribuendos

299 1752 382 1794 effe,
407 1764 488 1788 cum
506 1755 577 1789 aliis
598 1755 639 1789 de
656 1754 788 1792 caustis,
815 1763 892 1787 tum
919 1753 964 1789 ob
994 1764 1053 1794 ea,
1086 1764 1172 1800 quae
1200 1753 1289 1799 apud
1317 1752 1448 1789 Pindari
1474 1754 1576 1788 inter·

287 1805 429 1861 'pretem
442 1839 451 1854 ‚
478 1814 686 1861 quicumque
706 1813 759 1847 ille
777 1812 833 1852 fit,
859 1814 1018 1847 Nemeor.
1041 1815 1109 1844 ειδει
1129 1815 1159 1846 11
1185 1812 1345 1860 leguntur
1367 1833 1416 1842 -
1432 1834 1478 1842 -—
1498 1816 1574 1850 Scio

301 1884 437 1915 tamen,
466 1887 483 1908 a
504 1874 701 1919 Thucydide
720 1876 810 1909 hunc
830 1873 941 1919 ipsum
964 1873 1134 1918 hymnum
1157 1875 1311 1908 Homero
1324 1873 1456 1907 inscribi
1475 1886 1537 1909 etc.
1552 1902 1575 1916 „

300 1936 372 1970 Nec
388 1935 502 1970 minus
519 1935 712 1969 dubitanter
727 1936 825 1969 litem
846 1934 974 1969 dirimit
1000 1934 1172 1969 Domitius
1193 1934 1391 1970 Calderinus
1415 1935 1458 1969 ad
1478 1937 1579 1971 Statii

301 1986 545 2043 Silv.s(veuet.
578 2001 661 2041 1483
687 1997 740 2043 F.)
763 2009 795 2042 p.
822 1995 895 2041 156.
921 1990 926 1997 ’
957 1998 1140 2040 „Hymnos
1172 2005 1343 2041 praeterea
1364 1991 1509 2031 Homeri
1538 1997 1576 2032 in

262 2105 266 2107 μ
300 2061 414 2100 „Deos
437 2058 602 2106 legimus,
628 2069 668 2092 ex
686 2058 809 2105 quibus
833 2056 1007 2094 Pausanias
1026 2057 1217 2092 testimonio
1238 2056 1331 2104 saepe
1357 2057 1471 2091 vtitur.
1510 2060 1575 2104 Ego

301 2131 443 2161 „tamen
460 2129 545 2155 certa
556 2122 763 2155 Graecorum
782 2128 1089 2153 monumentorum
1102 2118 1301 2153 autioritate
1320 2118 1575 2160 affirmauerim.

302 2183 361 2222 „id
378 2193 454 2227 opus
479 2179 541 2216 effe
567 2194 640 2216 non
667 2181 809 2217 Homeri
830 2183 948 2215 Poetae
971 2171 1076 2226 quem
1095 2190 1313 2217 veneramur,
1350 2175 1404 2211 sed
1423 2177 1573 2218 alterius,

290 2240 385 2287 „qui
401 2242 559 2278 Homerus
573 2243 683 2279 Seuius
699 2233 948 2278 Grammaticus
966 2239 1011 2272 est
1027 2238 1222 2287 appellatus.
1272 2239 1303 2270 1s
1312 2235 1405 2269 enim
1414 2237 1575 2282 Hymnus

301 2299 449 2347 „scripfit
471 2312 506 2336 ee
520 2301 542 2336 s.
556 2313 623 2348 p.‚,
671 2300 760 2336 Add.
777 2299 914 2335 Riccius
939 2297 1166 2336 inDifl‘ertatt.
1183 2299 1289 2332 Hom.
1300 2299 1343 2331 T.
1355 2299 1380 2331 1.
1400 2299 1443 2332 D.
1455 2298 1476 2332 l.
1498 2310 1529 2345 p.
1540 2299 1574 2336 6.

300 2372 337 2396 vt
353 2361 438 2405 ‘alios
459 2372 602 2399 taceam.

223 2447 265 2496 p)
289 2447 373 2483 Bibl.
394 2449 435 2481 Τ.
449 2449 474 2480 1.
493 2447 581 2482 1.1v.
601 2458 634 2494 p.
644 2454 712 2492 252.
723 2444 830 2482 Wess.
851 2445 1019 2479 Carminis
1037 2446 1102 2479 hoc
1117 2442 1309 2484 frustulum,
1322 2445 1416 2491 quod
1427 2443 1573 2490 Homeri

303 2508 510 2556 Fragmentis
528 2509 666 2543 inseruit
684 2508 842 2543 Ernestius
861 2508 938 2542 Vol.
949 2511 989 2542 V.
1010 2520 1041 2554 p.
1062 2516 1252 2552 135,nuper
1271 2506 1332 2541 suo
1358 2507 1437 2542 loco
1455 2506 1575 2553 reposi-

303 2580 382 2605 tum
410 2571 455 2605 est
474 2582 502 2614 *a
528 2572 569 2607 V.
598 2572 636 2607 C.
665 2568 871 2608 Wolfioun.
892 2571 1020 2611 XXVI,
1054 2567 1332 2616 eiquexadditum
1362 2567 1457 2605 aliud
1485 2567 1574 2603 eius-

976 2647 982 2652 ·
1494 2628 1576 2664 dem
