1804 3028
258 143 325 199 66

260 244 480 300 transtris*
502 255 551 292 et
587 244 804 292 antennis
843 256 1117 306 apparentes
1131 244 1229 306 g),
1284 247 1454 307 quippe
1483 244 1690 304 >secundi

261 312 420 369 cursus
464 313 684 366 nuntiae,
725 312 828 358 Diis
855 309 929 360 his
954 311 1184 366 sacratae,
1207 312 1365 375 quid,
1398 312 1524 373 quod
1539 313 1688 384 ὀξέως

259 382 401 427 etiam
427 377 537 426 sunt
558 375 834 444 Διόσκορροι.
858 394 918 442 qv.
946 378 1146 442 Hesych.
1171 378 1218 427 h.
1236 397 1297 428 .v.
1370 381 1469 438 Qui
1497 378 1689 441 quidem

258 443 422 513 αἷςέρες
444 449 495 494 in
530 460 773 508 poetarum
795 449 1075 495 carminibus
1108 447 1387 509 plerumque
1421 447 1689 508 intelligen-

257 516 329 569 di,
366 532 465 562 non
498 514 662 560 Gemini
687 513 785 568 illi,
823 516 1055 580 qui-inter
1086 514 1214 569 Astra
1241 512 1578 569 Dioscurorum
1604 531 1689 563 no-

255 600 368 631 men
398 584 660 631 obtinuere.
699 583 936 645 v.Hygin.
967 582 1222 632 Poet.Astr.
1240 584 1396 639 1-1,22.
1420 599 1689 645 quanquam

250 651 493 700 interdum
530 651 754 698 fluCtuare
787 664 1203 706 commentatoreS,
1234 668 1428 713 remque
1460 653 1509 698 in
1545 652 1690 699 ambi-

251 736 346 781 guo
372 718 484 772 effe,
522 716 791 766 obseruauit
819 718 1207 767 Hemsterhufius.
1279 721 1376 768 Iam
1401 720 1559 780 opinio
1588 718 1685 773 illa.

250 785 307 834 de
338 783 674 834 Dioscurorum
695 786 872 834 auxilio
898 788 1054 834 nautis
1079 786 1457 849 periclitantibus
1479 784 1686 846 salu-tari,

249 871 358 902 cum
397 851 543 902 semel
565 867 750 916 recepta
773 853 904 908 estet,
939 853 1127 910 factum,
1164 868 1218 903 vt
1239 856 1389 911 intali
1423 853 1685 904 discrimine

247 922 330 970 Dii
367 921 468 983 isti,
506 920 706 984 σωτῆρες
742 920 838 968 νεῶν
875 921 987 968 hinc
1015 923 1260 982 appellati,
1297 939 1323 968 a
1351 921 1685 983 nauigantibus

244 991 607 1043 inuocarentur,
644 1002 791 1050 vtque
829 1001 1000 1035 nautae
1029 990 1083 1035 iis
1105 987 1321 1039 sacrificia
1343 991 1397 1036 in
1420 1005 1546 1036 mare
1580 1005 1688 1051 por-

242 1059 461 1105 ricerent.
529 1074 573 1103 v.
611 1055 811 1103 Theocr.
856 1056 887 1102 1.
928 1073 966 1103 e.
1011 1073 1056 1104 v.
1086 1058 1129 1104 6.
1164 1070 1236 1117 17.
1266 1059 1423 1118 Hym.
1457 1052 1595 1114 nostr.
1635 1073 1684 1104 v.

245 1133 271 1182 8
301 1150 362 1157 —
395 1140 468 1173 10.
536 1125 683 1171 Cuius
714 1125 856 1172 moris
894 1126 1090 1185 primam
1119 1124 1348 1185 originem
1381 1123 1507 1171 haud
1537 1124 1681 1175 dubie

242 1192 303 1240 ad
334 1193 521 1253 antiqui
552 1202 719 1252 po'etae
748 1191 886 1238 fidem
914 1192 1054 1238 tradit
1094 1193 1330 1239 Diodorus
1370 1192 1456 1245 IV,
1525 1208 1561 1238 c.
1599 1206 1681 1254 43.

241 1277 287 1322 p.
325 1268 439 1320 287.
480 1257 634 1307 Weff.
670 1284 734 1292 —-
834 1259 964 1305 Haec
986 1272 1033 1306 et
1062 1258 1196 1320 plura
1229 1257 1286 1305 ad
1323 1258 1590 1306 vniuersam
1626 1258 1685 1314 de

240 1325 481 1375 Dioscuris
509 1325 717 1373 fabulam
757 1325 1079 1373 illustrandam
1118 1326 1299 1374 dabunt
1342 1327 1417 1374 Ill.
1462 1328 1681 1387 Heynius

241 1394 300 1442 ad
339 1392 556 1454 Apollod.
611 1393 642 1439 1.
669 1393 755 1445 ΙΙΙ,
799 1408 874 1447 10,
911 1406 957 1452 7.
991 1411 1032 1453 p.
1058 1396 1153 1452 716
1173 1409 1330 1441 ——20.
1354 1407 1603 1454 730—-35
1632 1406 1682 1441 et

242 1459 564 1510 Hemsterhus.
629 1460 686 1505 ad
736 1461 927 1508 Lucian.
984 1461 1091 1525 DDJ.
1130 1461 1325 1515 XXVI,
1374 1477 1416 1521 p.
1444 1469 1541 1515 282
1585 1457 1680 1523 sqq.

243 1523 294 1578 N
299 1528 542 1582 onnulla‚'
565 1543 685 1588 quae
717 1525 809 1575 huc
836 1526 1069 1582 facerent,
1104 1529 1317 1589 congesta
1349 1527 1459 1576 sunt
1483 1529 1544 1575 ab
1562 1529 1682 1591 Itpp.

242 1597 418 1658 Hygin.
456 1596 505 1644 F.
537 1608 616 1655 77.
696 1595 920 1656 Denique
958 1593 1210 1643 Dioscuros
1251 1599 1382 1658 equis
1429 1595 1681 1645 insidentes

244 1682 270 1712 a
294 1666 444 1727 poetis
480 1663 621 1726 fingi,
659 1676 773 1710 nota
797 1679 871 1711 res
894 1663 973 1711 vel
1007 1680 1033 1711 e
1066 1666 1386 1712 monumentis
1421 1664 1683 1727 iisdemque

242 1731 581 1794 antiquiffimis.
640 1747 685 1778 v.
734 1731 808 1778 Ill.
847 1731 1026 1791 Heynii
1063 1745 1361 1780 commentat.
1393 1731 1450 1778 de
1471 1731 1682 1780 ¹=Throno

244 1799 490 1861 Amyclaei
519 1801 571 1845 in
596 1799 786 1863 Antiqu.
815 1797 933 1846 Abb.
959 1799 996 1852 Ι,
1028 1816 1071 1861 p.
1096 1802 1176 1863 46.
1215 1798 1272 1847 cf.
1300 1798 1523 1857 Raccolta
1556 1798 1683 1860 Roffi

243 1861 362 1915 Tab.
396 1868 470 1915 XI
501 1891 534 1903 .-
560 1866 694 1914 XIII.
778 1867 910 1927 Lipp.
953 1867 1136 1928 Dastyl.
1178 1868 1301 1915 Mill.
1338 1868 1410 1921 11,
1466 1883 1514 1921 1,
1567 1868 1678 1929 309.

244 1935 331 1990 ΙΙΙ,
371 1950 410 1989 1,
447 1948 558 1996 297.

736 2057 821 2105 IV.
905 2055 1214 2119 Lusus.

382 2164 454 2211 Ita
474 2161 564 2209 hoc
585 2160 689 2207 loco
728 2165 933 2210 carmina
959 2163 1273 2224 appellamus,
1308 2162 1534 2213 hadtenus
1582 2166 1684 2226 qui-

250 2233 357 2280 dem
391 2230 600 2298 Hymnis
632 2227 818 2286 similia,
853 2244 906 2280 vt
930 2233 980 2277 in
1003 2232 1213 2280 Deorum
1248 2232 1469 2280 laudibus
1502 2231 1687 2281 versen-

248 2314 351 2354 tur,
405 2295 483 2347 sed
532 2311 693 2346 tamen
724 2299 779 2345 ab
815 2299 908 2347 illis
944 2297 1137 2354 diuersa,
1170 2299 1296 2363 quod
1335 2316 1490 2363 neque
1525 2317 1683 2363 preces

252 2370 498 2415 continent
526 2366 584 2415 ad
609 2367 739 2413 Deos
763 2367 974 2422 dii‘edtas,
995 2383 1150 2428 neque
1172 2367 1291 2415 facta
1328 2383 1411 2417 aut
1436 2385 1511 2417 res
1535 2367 1681 2427 gestas

1530 2450 1685 2483 numi-

314 2581 365 2631 ς)
389 2581 471 2616 Inde
492 2581 680 2622 explicandi
700 2584 820 2631 hymni
845 2585 954 2622 versus
980 2595 1029 2624 12.
1056 2595 1069 2623 ι
1077 2595 1107 2633 3.
1132 2590 1157 2620 δι
1176 2587 1200 2620 δ’
1222 2590 1360 2630 ἐξαπίνης
1378 2587 1527 2630 Reimea*
1550 2589 1683 2632 ἰουῦξη,

399 2646 581 2688 πτερύγεση
599 2647 633 2677 δι’
654 2652 771 2690 affligos·
794 2650 943 2689 ἀίξαντες.
