1804 3028
795 154 926 168 “·······
1177 193 1181 198 ,
1518 146 1539 191 3
1550 146 1579 193 9

154 238 522 302 thographorum
545 249 883 300 poetarumque
901 237 1033 291 locis,
1053 235 1234 295 diuersa
1261 235 1484 285 narrandi
1503 253 1577 285 ra-

153 309 237 362 tio,
270 307 480 356 diuersus
500 306 686 354 fabulae
712 318 919 361 ornatus,
954 308 1006 352 in
1023 302 1212 366 fingulis
1233 303 1333 353 fere
1356 305 1575 354 elucebit.

151 375 189 423 E
222 381 315 439 qua
337 378 564 424 varietate
590 390 739 423 vnum
761 373 849 421 hoc
874 391 958 436 pro
991 371 1181 422 confilio
1208 373 1363 422 nostro
1383 383 1579 421 enotare

150 441 261 497 sat-is
292 447 410 497 erit,
452 442 596 490 boum
627 443 864 497 indicem,
899 443 1146 491 Antonino
1179 443 1279 490 Lib.
1316 456 1365 491 et
1395 440 1578 491 Ouidio

148 511 335 557 Battum
378 510 690 573 appellatum,
736 510 795 557 ab
841 509 1010 572 hymni
1053 511 1241 557 auctore
1279 511 1331 556 in
1371 506 1576 567 Onchesti,

151 575 372 627 Boeotiae
414 579 541 626 vrbis
560 613 574 633 ,
623 580 816 639 regione
857 582 992 639 poni,
1054 576 1112 625 cf.
1146 575 1212 624 vs
1248 585 1308 632 88
1335 575 1431 638 sqq.
1480 579 1573 633 186

151 645 246 707 sqq.
264 664 278 698 ;
312 659 490 694 ceteros
521 644 710 694 fabulae
727 644 870 693 huius
899 656 1192 694 enarratores
1221 643 1432 689 Arcadiae
1449 661 1577 692 acco-

146 714 243 760 lam
274 730 382 760 eum
407 713 573 761 facere.
651 713 872 762 ·Videtur
900 716 1043 778 igitur
1075 711 1462 775 hymnographus
1494 728 1579 759 an-

146 781 399 842 tiquiorem
426 793 618 842 poetam<
641 779 825 829 secutus
854 781 967 837 effe,
1007 780 1133 829 forte
1156 780 1401 841 Hesiodum,
1432 797 1576 842 quem

149 865 257 895 cum
276 851 400 896 inter
419 848 845 896 auctoresfabulae
867 849 1041 897 referat
1063 849 1333 897 Antoninus
1371 848 1403 894 l.
1426 865 1463 895 c.
1501 862 1521 892 c
1538 846 1576 905 )‚

145 918 349 977 primum
369 916 427 963 ad
450 916 667 961 Boeotiam.
692 916 916 978 mythums
938 915 1181 971 deflexiffe‚
1220 918 1483 963 coniectare
1524 916 1579 962 li-

144 996 218 1032 cet
247 983 310 1041 f).

297 1052 520 1099 Ceterum
553 1053 605 1098 in
637 1053 844 1100 carmine
860 1051 951 1100 hoc
981 1052 1116 1114 plura
1145 1054 1298 1100 nitere
1339 1051 1575 1113 praeclare

147 1118 282 1172 dicta,
305 1120 593 1178 etantiquae
612 1117 803 1179 poeseos
825 1118 1377 1184 fimplicitatemymirifice
1411 1120 1575 1168 adum-

146 1185 328 1233 bratam
339 1184 441 1239 effe,
471 1188 790 1248 vnusquisque
813 1181 1050 1234 fatebitur.
1088 1188 1275 1248 Vbique
1298 1186 1395 1234 fere
1415 1200 1575 1234 rerum

145 1267 362 1302 naturam
381 1253 539 1328 pulcre
563 1252 773 1301 secutum
805 1253 893 1301 effe
923 1268 1112 1315 poetam
1143 1256 1300 1308 vides,
1363 1254 1577 1301 eamdem

144 1333 304 1367 tamen
322 1321 517 1381 egregiis
539 1336 625 1367 nec
650 1322 788 1367 nir'nis
817 1321 1064 1368 cumulatis
1090 1323 1377 1368 ornamentis
1402 1321 1576 1368 conde-

141 1400 354 1435 coratam
377 1385 654 1441 exhibuisse,
688 1400 743 1435 vt
764 1387 879 1434 adeo
895 1389 1044 1437 multo
1059 1391 1213 1451 magis
1241 1388 1416 1442 doleas,
1439 1387 1575 1465 hym-

143 1472 260 1502 num
282 1468 355 1502 tot
382 1455 755 1516 corruptelarum
782 1453 993 1508 sordibus
1032 1457 1322 1517 maculisque
1355 1458 1575 1517 inquina-

146 1537 312 1571 natum
337 1522 393 1569 ad
410 1534 622 1583 tempora
639 1521 794 1570 nostra
813 1522 1086 1584 perueniffe.
1183 1524 1376 1571 Placent
1404 1525 1454 1571 in
1482 1526 1574 1585 pri-

143 1594 233 1639 mis
248 1590 413 1638 suaues
435 1592 908 1637 narrationiintextae
932 1593 1325 1652 comparationes:
1351 1590 1413 1638 vs:
1428 1606 1571 1654 43—-

142 1664 222 1721 46.
253 1659 345 1719 55.
384 1673 497 1718 237.
569 1658 826 1705 Oblectant
857 1658 1045 1706 viuidae
1086 1658 1201 1712 adeo
1229 1675 1390 1706 rerum
1425 1659 1570 1721 gesta-

141 1742 249 1774 rum
262 1724 617 1785 descriptiones,
647 1735 702 1772 vt
735 1727 893 1771 omnia
937 1742 1094 1773 coram
1132 1727 1206 1787 agi
1243 1725 1432 1773 credere
1472 1729 1572 1773 ani-

143 1810 274 1840 mum
294 1792 429 1840 facile
459 1792 668 1844 inducas,
706 1809 752 1839 v.
777 1809 814 1839 c.
848 1791 914 1839 vs.
937 1801 1026 1848 108
1046 1819 1105 1825 —
1125 1803 1231 1856 1⁴24.
1260 1808 1350 1848 150
1365 1819 1428 1827 —
1460 1808 1569 1855 153.

141 1864 239 1925 246
262 1874 450 1921 -253.
521 1862 719 1908 Detinet
742 1859 949 1923 denique
990 1861 1215 1910 lectorem
1248 1862 1365 1909 mira
1401 1874 1569 1924 poetae

831 1929 871 1976 C
904 1946 939 1992 4
1028 1940 1030 1942 “
1519 1932 1572 1978 in

287 2048 361 2074 rare
378 2038 513 2074 vellent.
572 2041 692 2084 Itaque
714 2039 934 2074 vehementer
958 2051 1091 2080 errant.
1128 2040 1187 2087 qui
1211 2040 1267 2074 hic
1292 2049 1328 2073 et
1351 2039 1388 2073 in
1406 2038 1568 2078 'similibus

290 2101 403 2135 cauffis
429 2109 546 2145 poetas
571 2099 732 2145 antiquos
754 2099 940 2146 impietatis
962 2112 1001 2134 ac
1026 2101 1137 2136 nescio
1159 2101 1257 2135 cuius
1283 2099 1424 2134 tandem
1439 2099 1568 2133 sceleris

287 2159 438 2195 incusare
462 2171 536 2194 non
558 2158 794 2195 reformident.
840 2161 913 2194 Nec
946 2160 1063 2195 minus
1096 2160 1264 2207 peculiare
1295 2161 1361 2194 hoc
1391 2157 1567 2195 furtorum

287 2231 395 2266 genus
420 2220 558 2254 vltimae
583 2219 784 2266 antiquitati
796 2220 1100 2256 accommodatum
1118 2220 1340 2259 indicam-is,
1359 2228 1477 2266 vtpote
1496 2222 1568 2265 cui,

270 2280 416 2325 praeter
440 2291 559 2327 greges
581 2289 617 2314 et
635 2289 812 2322 armenta,
834 2278 903 2315 fere
927 2281 1045 2316 nullae
1068 2293 1164 2316 erant
1188 2280 1337 2315 diuitiae.

204 2364 249 2410 e)
273 2363 417 2411 attigit*
434 2362 590 2398 fabulam
624 2364 808 2404 Hesiodus,
851 2367 930 2397 teste
963 2366 1163 2403 Antonino,
1198 2365 1234 2397 in
1266 2369 1417 2402 μεγὲλκις
1442 2359 1565 2404 Ἠοίαις,

282 2422 443 2462 carmine,
469 2423 494 2457 fi
512 2424 761 2472 pulcerrimum
782 2418 914 2458 Α’σπίδος
930 2421 1166 2471 fragmentum
1186 2422 1345 2468 excipias,
1373 2423 1562 2469 deperdito.

200 2512 253 2560 f)
276 2510 321 2546 cf..
338 2511 378 2547 de
401 2508 519 2546 fabula
538 2513 600 2546 hac
618 2512 697 2549 scite
718 2512 931 2548 differentem
951 2513 1047 2547 nobis
1062 2512 1306 2546 Amicissimum
1320 2511 1560 2549 Mellmannwm.

282 2575 319 2608 in
349 2574 448 2607 dona
468 2575 773 2617 commentatione,
791 2585 875 2608 mox
898 2574 991 2622 typis
1010 2574 1189 2622 vulganda,
1216 2575 1252 2608 de
1273 2570 1560 2616 B‘Ietamorpboscon

284 2635 395 2670 Quadis·
412 2635 566 2678 fontibus.
