1804 3028
1474 126 1605 163 21„

113 223 398 289 pervenitur.
443 224 665 275 Similiter
688 224 756 272 ad
767 223 1068 287 Eleustniorum
1086 223 1307 286 sacrorum
1358 224 1558 286 originem

125 291 466 354 celebrandam,
476 308 630 339 omne
643 308 832 340 carmen
845 291 989 339 cerm·
1007 292 1207 342 dicatum
1229 291 1348 353 (IV)
1368 290 1554 355 spectat

125 361 301 411 Eadem
331 361 596 423 argumenti
619 361 775 408 vnitas
796 362 846 407 in
871 361 1084 409 breuiori
1102 361 1311 421 Hymno,
1339 356 1556 415 Διόνυσος

127 446 152 477 n
137 418 357 482 Ληΐςαῖ,
375 428 499 485 (VI)
518 425 751 489 inscripto,
772 428 1009 477 obseruari
1020 428 1147 482 licet,
1161 442 1430 491 quanquam
1440 443 1554 477 eum

127 497 344 549 carminis
366 494 556 543 aliunde
589 495 816 557 decerpti,
851 498 998 560 inque
1022 494 1144 544 hanc
1160 493 1329 556 hymni
1352 496 1552 546 formam

123 580 151 610 a
174 555 497 612 Grammaticis
517 564 704 611 demum
735 563 932 628 redacti,
975 563 1292 641 fragmentum
1307 561 1421 618 effe,
1478 563 1551 611 su-

122 623 285 693 spicari
330 631 505 678 malim.
594 632 680 679 Ex
728 630 817 679 hoc
853 649 1025 695 genere
1053 632 1224 691 primus
1254 632 1299 676 in
1318 628 1551 691 Apollinem

122 699 300 761 hymnus
344 696 469 747 solus
513 699 818 761 excipiendus
876 700 1096 754 vIdetur5
1163 698 1242 747 sed
1285 701 1354 747 ita
1402 698 1552 748 videri

122 779 336 822 tantum,
403 766 528 814 infra
587 768 800 829 pluribus
831 768 1082 816 enarrandi
1116 768 1248 816 locus
1290 769 1390 816 erit.
1494 767 1551 815 Id

117 835 261 894 modo
301 833 561 889 subiiciaffl,
636 834 929 883 obseruatam
968 835 1089 884 hanc
1134 834 1424 896 hymnorum
1450 836 1554 883 Ho-

120 904 397 951 mericorum
434 918 481 956 et
513 899 633 964 epici
657 905 880 951 carminis
940 905 1064 951 inter
1095 901 1142 950 se
1177 901 1549 957 similitudinem,

119 983 304 1035 praeter
331 971 559 1024 dictionis,
584 987 691 1020 cum
705 972 904 1018 Homeri
927 972 1226 1025 carminibus,
1246 973 1549 1033 congruenti-

120 1054 221 1092 am,
251 1037 373 1086 forte
400 1037 635 1085 adduxiffe
656 1050 867 1093 veteres,
905 1051 960 1087 vt
980 1040 1089 1087 illos
1125 1008 1365 1087 Homerot>
1371 1040 1549 1087 aud‘tori

116 1097 1017 1154 addicerent..

272 1173 343 1222 Ad
359 1173 666 1234 reliquorum,
697 1174 796 1235 qui,
824 1156 1160 1235 integrioribus
1181 1173 1256 1221 his
1284 1175 1461 1227 adiecti,
1493 1175 1548 1228 111

119 1241 253 1290 libris
276 1241 524 1307 leguntur,
558 1239 846 1301 hymnorum
895 1255 1228 1303 argumentum
1263 1242 1389 1303 quod
1438 1242 1546 1289 atti-

117 1323 245 1364 net,
264 1308 336 1356 nil
372 1306 589 1356 vniuerse
628 1309 685 1355 de
720 1326 775 1356 eo
799 1312 981 1356 moneri
1005 1308 1153 1371 poffe,
1178 1325 1253 1357 res
1270 1308 1365 1370 ipsa
1390 1309 1539 1357 docet.

118 1378 178 1427 In
196 1376 432 1439 plerisque
454 1377 582 1423 enim
601 1378 861 1423 carminum
881 1377 996 1423 olim
1017 1379 1286 1439 longiorum
1309 1376 1543 1438 fragmen-

116 1457 169 1493 ta
204 1441 342 1492 facile
360 1442 577 1505 agnoscas
601 1462 616 1496 3
649 1443 814 1490 eadem
838 1457 998 1490 tamen
1040 1443 1328 1491 diuerfiffimi
1359 1446 1544 1506 generis

119 1526 169 1561 et
187 1510 364 1560 formae
385 1512 558 1558 indicia
580 1527 691 1573 prae
713 1509 760 1558 se
792 1509 965 1559 ferunt.
1087 1514 1214 1560 Bene
1258 1512 1409 1559 multa
1445 1528 1546 1559 11011

117 1577 357 1642 niflflorcs,
390 1594 441 1623 cx
471 1576 742 1640 antiquorum
768 1586 990 1637 poctarum
1022 1581 1159 1638 epit-isi
1172 1580 1449 1631 carminibus,
1482 1593 1547 1641 cy-

117 1648 307 1709 clicorum
332 1647 527 1695 nomine·
544 1648 690 1702 notis,
751 1645 836 1708 siue
858 1644 1173 1706 Rhapsbdorum
1199 1647 1436 1705 prooemiis,
1464 1646 1545 1694 de-

100 1717 281 1793 cerpti,
304 1713 391 1763 effe
407 1715 633 1764 ¹videntur
646 1734 662 1769 3
696 1712 1077 1777 quandoquidem
1098 1726 1283 1762 veteres
1299 1716 1545 1762 Gramma-

122 1786 266 1832 ticos
280 1800 443 1831 eorum
496 1783 628 1837 loca,
694 1795 815 1844 quae
839 1781 897 1829 ad
916 1784 1129 1833 Deorum
1161 1779 1350 1830 laudem
1401 1785 1543 1845 perti-

120 1864 315 1906 nerent,
351 1850 634 1928 congessisse,
665 1849 907 1912 probabile
936 1851 1002 1898 fit.
1074 1853 1262 1913 Morem
1300 1851 1427 1898 hunc
1452 1849 1543 1898 sal-

119 1933 216 1967 tem
246 1920 518 1967 recentioris
552 1920 714 1965 aetatis
739 1919 1072 1966 Grammaticis
1096 1918 1446 1967 Rhetoribusue
1471 1936 1545 1966 re-

119 2001 309 2049 ceptum
337 1983 494 2040 fuisse,
528 1985 654 2033 testis
679 1984 746 2034 est
781 1983 1018 2035 Manander
1047 1985 1204 2032 Rhetor
1239 1985 1297 2033 de
1318 1988 1543 2034 encomiis

121 2071 159 2102 c.
187 2070 231 2116 9.
270 2053 353 2102 vbi
390 2053 448 2102 ad
486 2051 812 2108 illustrandos,
850 2054 900 2100 in
935 2054 1105 2114 quibus
1138 2040 1279 2101 modo
1305 2053 1541 2108 versatur,

122 2115 290 2179 ὕμνους
306 2117 566 2178 εὐκτικους,
598 2120 816 2184 exemplo
843 2123 993 2170 vtitur
1015 2123 1248 2172 Homeri
1237 2139 1290 2171 111
1326 2122 1473 2171 Iliade
1498 2139 1543 2174 κ.

120 2198 233 2253 278·
270 2204 302 2249 7
308 2206 350 2253 9

186 2269 348 2321 Κλῢθί
373 2289 454 2329 μοι
468 2267 706 2335 αἰγιόχοιο
733 2268 836 2325 Διὸς
858 2266 1008 2327 τέκος,
1030 2265 1106 2323 ἷῖτε
1127 2289 1211 2332 μοι
1233 2267 1322 2318 αἰεὶ

184 2338 252 2389 Ἐν
278 2335 523 2387 πάντεσσι
544 2340 728 2389 ’πόνοισι
754 2336 1031 2406 ‘noeis-omas
1066 2366 1128 2375 --
1199 2365 1261 2373 —-
1332 2339 1412 2398 m)

874 2409 908 2455 B
946 2424 966 2470 3
1442 2409 1548 2455 Nec

192 2510 252 2557 m)
280 2513 368 2546 Bene
390 2508 496 2563 igitur
513 2500 639 2545 monet
660 2510 714 2546 el.
735 2510 862 2546 Heeren
894 2509 931 2544 in
959 2520 1183 2545 commentat.
1212 2511 1305 2545 Meu.
1324 2507 1429 2555 praef.
1449 2520 1481 2555 p.
1498 2517 1551 2554 19.

271 2570 431 2616 „Hymni
451 2579 614 2606 vocantur
640 2581 682 2605 ex
699 2563 895 2606 Raetorum
915 2570 1098 2618 praeceptis
1118 2580 1240 2606 omnes
1260 2571 1375 2608 laudes
1401 2574 1555 2606 Deorum

1431 2649 1480 2659 -u-
1513 2634 1557 2656 CX
