1804 3028
143 130 168 147 fl

822 191 959 209 ...·.....·
1529 184 1592 233 25

149 290 252 343 gra
278 281 388 337 illa,
424 280 520 330 flue
539 277 801 341 fragmenta
821 285 1038 333 tanturm
1068 296 1266 342 quorum
1305 277 1426 327 vel
1410 292 1598 340 ignora-

167 362 277 403 rent
300 342 540 400 auctores,
567 348 673 402 vel,
755 346 929 395 etiamfi
915 349 1097 409 iprimi
1108 346 1473 410 adscripfiffent‚
1541 348 1595 395 in

172 414 457 478 apographis
481 412 714 477 {equiores
738 431 973 478 apponere
997 412 1125 463 haud
1167 427 1397 465 curarent.
1503 414 1595 462 His

168 496 414 546 poetarum
431 481 604 532 lusi-bus
631 484 773 545 hymni
812 499 1027 547 quoque,
1083 499 1285 546 quorum
1315 482 1595 546 particulam

168 566 299 599 nunc
315 562 556 605 tenemus,
589 550 715 599 haud
747 551 887 598 dubie
913 563 1050 598 erant
1067 553 1254 598 intexti.
1324 551 1466 599 Vnde
1476 562 1597 599 tem-

169 619 298 680 poris
320 616 520 667 successu
553 619 778 666 nonnulli
799 617 998 667 subinde
1019 619 1260 672 exstitere,
1298 621 1381 681 qui
1400 619 1596 680 reliquis

172 689 418 747 poematiis
447 685 650 748 sepofitis
666 722 680 741 ,
714 686 887 748 hymnos
906 705 968 734 ex
986 686 1201 749 pluribus
1218 686 1453 734 codicibus
1467 719 1482 740 ,
1542 686 1596 733 in

168 753 342 815 quibus
361 754 500 803 modo
517 770 644 803 vnus
664 767 713 803 et
733 754 867 810 alter,
895 754 1037 803 modo
1060 754 1220 816 plures
1240 752 1446 802 seorsum
1467 754 1596 815 lege-

172 821 345 869 bantur
366 819 454 883 q),
488 824 542 869 in
569 838 720 872 vnum
740 823 1033 885 colligerent.
1103 823 1202 875 Iam
1219 822 1297 876 hi,
1337 838 1445 869 cum
1471 819 1597 868 forte

168 887 448 937 indoctiores
477 888 645 945 effent,
683 885 811 939 'forte
844 891 987 938 etiam
1021 901 1075 938 vt
1094 890 1358 952 pleniorem
1389 887 1597 936 codicem

169 955 415 1004 venditare
445 952 644 1020 pnlsent,
676 957 913 1007 nonnulla
934 956 1206 1022 Hymnoram
1224 955 1500 1019 Anthologiac
1524 956 1599 1003 in-

168 1023 400 1074 terseuere
427 1028 658 1081 carmina,
691 1054 695 1059 ·
719 1034 763 1075 a'
785 1039 955 1075 natura
982 1038 1032 1075 et
1053 1024 1215 1074 indole
1245 1025 1386 1074 huius
1409 1025 1597 1087 generis

170 1092 337 1146 aliena,
351 1109 471 1156 quae
486 1107 644 1140 tamen
658 1095 738 1141 vel
755 1094 813 1140 ab
837 1093 910 1141 his
931 1094 1057 1155 ipfis,
1095 1095 1173 1142 vel
1188 1093 1244 1141 ab
1281 1095 1366 1148 iis,
1403 1094 1486 1155 qui
1515 1109 1600 1153 po-

172 1158 266 1207 stea
287 1159 609 1227 descripserint
628 1161 711 1207 illa
731 1195 744 1216 ,
780 1161 1006 1216 librariis,
1069 1164 1126 1211 *in
1164 1161 1452 1222 hymnorum
1500 1157 1601 1208 for-

169 1245 296 1275 mam
317 1229 501 1277 redacia
532 1228 635 1287 effe,
661 1231 889 1276 coniicere
910 1228 1035 1277 licet.
1107 1230 1249 1277 Porro
1275 1244 1382 1276 cum
1402 1245 1429 1276 e
1458 1229 1599 1274 variis

169 1296 429 1350 codicibus,
464 1309 607 1356 prout
635 1297 929 1373 compilatori
952 1313 1048 1344 eos
1062 1296 1160 1344 fors
1176 1297 1436 1349 obtulerat,
1501 1296 1599 1343 col-

167 1363 305 1411 lectio
324 1352 443 1411 facta
463 1361 598 1417 effer,
638 1367 690 1410 in
718 1365 819 1409 aliis
853 1363 1142 1424 hymnorum
1183 1364 1454 1416 Catalec‘tis,
1514 1374 1599 1411 aut

168 1431 305 1492 plura
323 1442 408 1477 aut
421 1432 652 1491 pauciora,
687 1432 738 1477 in
761 1431 863 1478 aliis
879 1444 959 1478 aut
976 1434 1232 1493 integriora
1257 1443 1340 1478 aut
1361 1423 1527 1478 mutila
1547 1441 1600 1478 et:

171 1499 410 1546 decurtata
422 1500 627 1545 carmina
640 1496 782 1553 fuitse,
795 1497 934 1546 facile
948 1498 1014 1546 est
1024 1500 1081 1545 ad
1092 1499 1469 1560 intelligendum.
1494 1499 1601 1547 Nec

168 1568 328 1616 minus
346 1567 586 1628 probabile
602 1567 789 1613 videtur
804 1566 907 1621 hoc,
937 1567 1079 1628 quod,
1117 1584 1221 1614 cum
1236 1566 1374 1614 semel
1397 1565 1602 1627 hymno-

167 1652 276 1683 rum
297 1633 599 1695 anthologiae
640 1634 855 1681 conditae
876 1633 1020 1682 effent
1073 1636 1247 1695 plures,
1313 1635 1599 1683 Grammati-

170 1704 210 1750 ei
274 1700 470 1750 collecta
522 1702 606 1750 illa
642 1718 700 1750 ex
731 1703 935 1763 antiquis
968 1704 1209 1764 epicorum
1235 1715 1478 1763 poetarum
1502 1716 1602 1750 car.

170 1771 405 1825 minibus,
442 1786 561 1832 quae
583 1770 640 1817 ad
660 1772 872 1817 Deorum
907 1769 1097 1818 laudem
1121 1772 1412 1832 pertinerent
1428 1805 1442 1825 ,
1495 1770 1598 1817 loca

170 1841 223 1887 in
286 1836 618 1899 discipulorum
654 1835 786 1885 Vsum
842 1835 1137 1892 inferserint‚
1195 1839 1380 1899 iisque,
1442 1837 1599 1886 addita

170 1905 460 1968 hymnorum
503 1903 707 1953 formula
759 1903 999 1960 sollemni,
1086 1908 1287 1957 encomii
1315 1903 1515 1966 speciem
1546 1921 1601 1955 ac

170 1972 367 2023 formam
382 1973 636 2021 induerint.
672 1973 796 2022 Tota
807 1971 923 2022 haec
941 1974 1087 2035 igitur
1099 1972 1387 2035 hymnorum
1399 1971 1600 2035 farrago,

166 2056 347 2104 temere
375 2039 434 2089 fic
471 2041 700 2105 congesta,
725 2042 1085 2103 Homericorum
1109 2044 1393 2098 carminum,
1429 2042 1602 2103 quibus

65 2147 94 2174 -.
168 2110 354 2171 Hymni
376 2109 434 2158 ad
448 2122 628 2172 partem
645 2108 818 2159 similes
833 2108 1144 2166 habebantur,
1164 2110 1298 2159 libris
1327 2121 1505 2159 attexta
1515 2108 1597 2159 est.

316 2236 459 2294 Quae
482 2234 635 2283 adhuc
658 2252 685 2283 e
709 2250 836 2283 mera
857 2244 1045 2282 tantum
1070 2251 1169 2283 non
1194 2234 1460 2284 coniectura
1476 2250 1504 2282 a
1521 2250 1602 2283 me

172 2297 403 2363 disputata
425 2301 512 2350 effe
532 2302 653 2351 forte
676 2303 981 2357 videbuntur,
1013 2320 1069 2352 ea
1081 2302 1301 2351 historicis
1325 2298 1517 2364 quoque
1528 2319 1602 2350 ra-

171 2368 379 2418 tionibus
413 2371 757 2433 quodammodo
798 2370 975 2420 firmari
1011 2369 1134 2433 poffe
1169 2363 1384 2418 arbitror.
1454 2371 1602 2419 Vete-

171 2453 277 2487 rum
298 2437 427 2487 enim
454 2443 697 2490 auctoru-m
709 2451 910 2504 quatuor
924 2437 1233 2500 potiffimum‚
1251 2436 1600 2500 Thucydidem,

918 2508 955 2558 Β
991 2522 1013 2570 5
1485 2509 1603 2558 Dio-

238 2617 287 2665 q)
315 2619 365 2651 ita
387 2630 454 2653 vac.
475 2618 642 2664 hymnum
659 2620 696 2654 in
714 2620 953 2660 nacchumw,
973 2620 1147 2655 nonnullis
1159 2621 1477 2665 Argonauticorum
1494 2619 1602 2668 Apol

317 2678 401 2716 lonii
417 2679 547 2717 Rhodii
560 2678 661 2717 codd.
678 2679 884 2729 adscriptum
905 2678 971 2716 effe
987 2680 1125 2715 constat.
1159 2693 1188 2714 v.
1210 2683 1344 2716 Barnes.
1373 2682 1417 2717 ad
1439 2685 1486 2717 H.
1505 2682 1527 2718 Ι.
