1804 3028
233 137 295 185 60
412 153 419 157 -
544 129 547 134 ’
695 116 697 118 ¹
874 155 1006 167 ·-—-

228 259 272 303 p.
295 242 374 289 60.
457 240 556 287 Iam
597 238 629 288 si
672 240 727 287 ad
769 240 1192 289 Grammaticorum
1237 236 1540 288 subtilitatem
1588 254 1662 304 res

230 308 346 357 mihi
368 308 657 356 enuntianda
687 306 820 362 effer,
889 324 1074 356 carmen
1097 307 1186 355 h-oc
1210 307 1265 354 ad
1288 318 1436 368 genus
1462 307 1661 368 hymno-

230 393 336 425 rum
373 373 577 424 εὐκτικὸν
606 376 874 430 retulerim;
910 395 1018 427 cum
1041 376 1504 431 contra‚Homericos
1524 375 1661 436 hym-

231 462 319 494 nos
345 447 490 507 magis
507 445 563 492 ad
594 441 798 505 μυθικὸν
828 462 879 492 ac
908 442 1215 506 ‘ymffluoexdv
1250 445 1459 503 reuocari
1474 443 1660 496 debere,

230 516 283 561 in
319 514 473 576 aprico
502 512 569 561 fit.
641 515 697 562 In
731 514 873 574 priori
908 512 1074 575 hymni
1104 523 1234 575 parte
1280 528 1324 559 v.
1363 512 1420 561 1'-
1446 518 1498 566 8,
1532 508 1660 558 haud

230 579 361 628 secus
409 598 546 643 quarn
578 582 629 627 in
662 579 912 641 Orphicis,
955 592 1226 628 coaceruata
1286 578 1395 626 sunt
1437 579 1660 632 numinis,

232 649 360 711 quod
380 651 652 703 inuocatur,
688 643 932 710 epitheta,
956 651 1151 709 repetita
1181 648 1263 695 illa
1296 664 1402 696 cum
1420 664 1446 693 a
1474 646 1659 695 fortitu-

233 718 355 765 dinis
381 716 575 763 bellicae
600 717 810 779 adeoque
833 718 1014 766 roboris
1050 714 1260 765 immensi
1285 718 1506 769 notione,
1538 730 1657 775 quae

230 785 397 832 Martis
423 782 618 844 persona
646 784 918 833 adumbrata
945 784 1032 839 est,
1087 796 1188 832 tum
1225 802 1250 832 a
1281 783 1439 832 stellae
1461 784 1659 844 nomine

228 851 320 901 hoc
359 851 604 914 insignitae
652 851 739 900 situ
776 870 826 901 ac
865 866 1045 901 natura.
1153 854 1506 901 Inuocationem
1538 849 1664 898 hanc'

236 922 659 983 excipiunt-,preces
693 920 762 980 (v.
792 921 955 981 9-17)
988 920 1204 969 hominis-
1220 934 1433 982 magnam
1458 916 1567 980 paffi
1588 920 1659 965 in-

230 989 400 1035 iuriam
412 1006 425 1039 ;
462 1000 602 1048 quam
641 1002 695 1034 vt
719 1004 744 1033 a
769 986 814 1036 se
853 987 1087 1048 depellere
1117 986 1276 1050 poffit,
1329 987 1496 1036 Martis
1529 987 1660 1032 auxi-

230 1056 347 1102 lium
371 1057 690 1117 virtutemque
727 1053 808 1105 fibi
844 1053 1080 1116 exposcit,
1143 1055 1370 1105 haetenus
1387 1068 1573 1106 tamen,
1607 1068 1661 1102 vt

233 1118 380 1171 animi
418 1139 622 1184 pugnam
669 1122 938 1171 anhelantis
976 1123 1135 1172 furore
1178 1124 1410 1173 alienatus
1455 1139 1515 1169 ne
1557 1137 1664 1184 gra-v

231 1193 360 1238 viori-
376 1191 639 1240 calamitate
666 1193 920 1245 obruatur,
954 1193 1048 1238 imo
1079 1190 1281 1241 hostium
1311 1193 1407 1238 vim
1429 1186 1657 1251 effugiens

230 1274 345 1319 paee
388 1260 641 1323 legumque
676 1259 1002 1319 aequabilitate
1036 1257 1236 1305 fruatun
1340 1260 1478 1316 Qae
1502 1259 1660 1304 omnia

232 1343 259 1372 e
284 1338 408 1373 certa
438 1326 594 1388 aliqua
622 1324 816 1387 persona
850 1325 970 1375 dieta
999 1325 1084 1374 effe
1117 1327 1313 1385 debere,
1358 1326 1479 1373 bene
1503 1326 1658 1380 video,

231 1392 310 1441 sed
336 1411 454 1455 quae
481 1393 670 1441 tandem
702 1393 843 1441 fuerit
866 1395 976 1448 illa,
1008 1411 1099 1455 qua
1128 1393 1388 1447 occasione,
1425 1411 1516 1454 quo
1544 1406 1663 1441 tem-

232 1478 345 1523 pore
387 1478 575 1509 carmen
614 1462 853 1509 conditum
892 1460 970 1515 fit,
1026 1479 1130 1509 cum
1170 1461 1409 1511 historicae
1453 1465 1661 1510 rationes

233 1528 419 1592 prorsus
452 1529 695 1582 deficiant,
742 1529 923 1578 definiri
957 1532 1137 1592 nequit..

383 1654 439 1701 In
464 1649 678 1710 reliquis,
703 1668 821 1711 quae
856 1650 1097 1712 Orphic-ae-
1129 1652 1391 1714 disciplinae
1420 1653 1661 1705 vindicare

235 1719 544 1773 tentauimuS,
594 1717 879 1779 hymnorum
911 1718 1199 1784 fragmentis,
1237 1738 1309 1769 res
1333 1722 1521 1783 quidem
1559 1740 1659 1771 non

234 1802 331 1838 tam
362 1788 575 1849 expedita
603 1786 666 1833 est
678 1807 691 1839 3
725 1802 929 1836 attamen
970 1806 1070 1835 non·
1101 1788 1225 1837 deest
1260 1793 1404 1852 ratio,
1442 1807 1533 1851 qua
1563 1792 1662 1853 opi-

234 1860 316 1905 nio
345 1855 497 1903 nostra
522 1852 685 1904 saltem
707 1855 765 1901 ad'
783 1855 1158 1918 'probabilitatem
1182 1856 1519 1919 poffitj'adduci.
1591 1861 1661 1907 Vt

234 1927 362 1972 enim
385 1936 586 1976 taceam,
621 1940 903 1984 quamquam
933 1941 1017 1971 nec
1039 1926 1159 1973 illud
1191 1926 1298 1973 leue
1324 1925 1511 1986 prorsus
1543 1927 1661 1974 iudi-

237 1992 463 2045 candum,
499 1992 718 2048 numina,
754 1992 928 2057 quibus
947 1990 1083 2040 inseri
1117 1996 1152 2041 ti
1174 1991 1286 2053 sunt·
1307 1993 1501 2054 hymni,
1534 1996 1659 2043 Deo-

233 2074 341 2106 rum
388 2071 582 2105 matrem
626 2056 657 2104 s.
712 2059 956 2119 Cybelen,
1009 2059 1039 2107 s.
1125 2060 1288 2116 heam,
1336 2062 1556 2117 Terram,
1613 2078 1662 2111 et

236 2126 455 2190 Vestam,
475 2127 528 2183 111
550 2125 769 2186 Orphicis
795 2130 941 2177 initiis
965 2129 1017 2175 in
1044 2131 1203 2191 primis
1227 2128 1352 2178 culta
1372 2128 1483 2178 effe:
1517 2134 1662 2195 magis

236 2209 395 2244 tamen
438 2193 530 2242 huc
567 2192 707 2247 facit,
753 2198 875 2257 quod
908 2198 1210 2257 Hymnorum
1251 2208 1569 2258 argumentum,
1610 2203 1662 2247 in

236 2263 480 2311 nonnullis
504 2262 648 2309 etiam
667 2261 829 2308 elocutio
851 2280 958 2312 cum
984 2265 1207 2326 Orphiois
1233 2264 1369 2326 supra
1389 2268 1482 2314 iam
1502 2268 1662 2315 lauda-

237 2333 297 2380 tis
328 2346 401 2391 13.
426 2344 504 2390 25.
531 2332 609 2378 26.
650 2331 843 2379 mirifice
871 2330 1100 2394 conspirat
1124 2336 1176 2391 s).
1244 2334 1427 2393 Hymni
1463 2352 1575 2383 vero
1611 2336 1660 2381 in

1491 2402 1561 2450 Vc
1597 2417 1662 2446 am

307 2517 352 2565 s)
375 2521 421 2551 Vt
438 2517 594 2552 firmetur
612 2517 781 2552 iudicium
792 2519 867 2559 hoc,
894 2532 969 2567 age,
979 2511 1086 2555 didos
1108 2521 1252 2565 hymnos
1268 2521 1422 2557 subtilius
1434 2522 1521 2555 inter
1533 2521 1565 2555 se
1585 2534 1666 2557 con·

392 2577 554 2613 feramus.
602 2578 709 2625 Igitur
729 2579 772 2614 ad

1562 2645 1667 2690 Hym-
