1804 3028
1483 108 1540 158 15

113 215 248 260 tanto
268 199 429 265 spiritu
453 202 634 266 prolata
657 203 804 258 fuiffe,
833 216 888 251 vt
901 201 1038 250 aDiis
1051 202 1143 267 ipsts
1163 199 1384 265 profecta,
1411 217 1543 252 vates

113 284 272 318 autem
292 274 503 320 Deorum
546 273 597 318 vi
618 285 835 334 nutuque
865 272 1128 334 gubernari,
1154 272 1267 319 ferri
1296 286 1437 334 atquc
1460 290 1542 319 ex-

113 333 301 400 agitari,
338 342 611 402 opinaretur
642 340 885 388 credulum
909 340 1096 400 vulgus.
1175 344 1311 398 Quae
1351 340 1545 401 quidem

113 409 275 467 opinio
298 424 355 453 eo
384 405 566 454 facilius
602 408 861 462 increbuit,
899 424 1007 454 cum
1039 408 1122 452 Dii
1153 404 1288 454 sacris
1320 403 1542 470 festisque

111 474 163 521 in
218 470 351 521 suum
392 474 623 522 honorem
644 475 867 523 institutis
901 474 981 537 ipsi
1013 473 1226 521 intercise
1269 477 1412 538 vulgo
1458 494 1543 538 pu-

111 555 344 598 tarentur,
370 540 444 601 a).
547 545 852 605 Hymnorum
916 542 1175 604 antiqwffimt'
1232 544 1372 603 igitur
1414 542 1542 606 ‘lyrici

113 607 284 657 fuere.·
334 613 567 669 Quocirca
587 608 819 673 hymnum
843 612 1078 673 praeclare
1107 611 1265 657 finiuit
1302 610 1540 671 Sophoclis

56 675 58 678 ’
113 691 382 724 enarrator:
419 676 498 727 ‘triv
529 679 586 731 εἷς
613 676 721 727 θεὸν
756 674 899 739 ᾦὸἥνς
935 681 1053 739 quin
1079 678 1160 724 ille
1179 679 1348 740 dignus
1371 678 1544 726 habea-

112 757 218 799 tur,
254 747 331 792 cui
350 743 585 793 summum
618 749 671 793 in
695 746 783 794 hoc
830 762 1002 809 genere
1043 743 1199 792 loeum
1238 744 1323 804 (τὸ
1357 742 1540 806 ἄωτον)

111 812 387 869 tribuamus.
460 814 789 875 Veruntamen
808 822 870 861 ex
909 811 1229 875 antiquiffimis
1264 810 1339 860 his
1365 813 1543 875 lyricae

113 878 307 942 poeseos
327 883 647 929 monumentis
667 881 786 928 nihil
798 882 855 928 ad
877 893 1086 943 tempora
1106 880 1260 927 nostra
1271 882 1544 943 perueuiffe‚

112 965 175 995 ne
201 951 438 997 miremur.
546 950 801 1011 Supersunt
834 948 1024 1005 saitem,
1069 965 1188 1009 quae
1220 952 1543 1011 antiquiorum

111 1016 333 1063 iacturam
379 1017 722 1079 quodammodo
762 1017 930 1078 poffint
971 1015 1295 1078 compensare,
1358 1032 1544 1080 praeter

112 1084 347 1130 nonnulla
375 1081 591 1128 Alcmanis
606 1120 620 1135 ‚
656 1084 821 1137 Alcaei,
846 1084 1073 1155 chpplzus,
1096 1081 1375 1146 Bacchylidis,
1428 1087 1544 1134 alio-

113 1167 236 1204 rum,
273 1149 557 1212 fragmenta,
593 1154 680 1198 tria
716 1150 904 1212 insuper
928 1150 1119 1214 Dionyfiz‘
1136 1153 1379 1198 cuiusdam
1418 1156 1543 1201 inte·

115 1235 196 1280 gra
215 1222 421 1266 carmina
445 1215 530 1277 b),
600 1221 814 1281 inprimis
848 1221 900 1265 in
937 1219 1266 1280 Tragicorum,
1342 1216 1544 1284 Afiltylt‘‚

114 1286 315 1345 Sophoclis
337 1299 387 1334 et
416 1285 651 1345 Euripidis,
687 1286 870 1340 Chosis,
888 1287 1068 1346 Hymni
1083 1285 1137 1332 ad
1161 1302 1311 1347 genus
1323 1285 1412 1336 hoc
1438 1306 1545 1351 per-

115 1355 349 1408 tinentes,
414 1353 650 1415 iidemque
695 1354 958 1400 incredibili
1010 1369 1116 1400 cum
1164 1356 1213 1400 vi
1262 1357 1443 1414 poetica
1482 1356 1540 1406 ad

119 1420 514 1469 commouendum
533 1421 731 1482 legentis
753 1423 961 1467 animum
996 1421 1184 1466 mirifice
1200 1424 1545 1473 accommodata

116 1489 263 1544 elati,
334 1505 536 1550 quorum
583 1487 823 1536 recensum
882 1504 1034 1548 nuper
1071 1488 1199 1535 dedit
1241 1490 1543 1540 Amiciffimus

116 1554 281 1604 Heeren
313 1558 365 1603 in
389 1558 799 1611 commentatione,
825 1572 919 1617 qua
938 1557 1141 1601 carmina
1169 1572 1196 1602 a
1219 1555 1360 1604 choro
1396 1561 1544 1607 Grae-

1379 1642 1542 1676 corum

193 1772 212 1794 a
229 1757 249 1806 )
275 1760 361 1795 Orta
381 1757 461 1793 hinc
480 1756 597 1804 opinio
616 1756 672 1793 illa
687 1758 762 1793 sane
778 1756 980 1793 vetutiffima
996 1757 1037 1792 de
1047 1758 1234 1798 numinum
1251 1759 1427 1797 itineribus
1437 1774 1472 1799 et
1489 1777 1544 1810 ap·

268 1819 433 1866 paritio'ne
451 1816 643 1864 (ἐπιδημίκις
667 1828 701 1852 et
728 1817 922 1865 ἐπιφοινίαις)
940 1817 1037 1852 cuius
1060 1820 1155 1865 plura
1178 1820 1213 1853 in
1235 1824 1391 1858 Homero
1412 1825 1546 1872 vestigia

268 1879 500 1925 reperiuntur,
528 1878 638 1911 statiin
659 1878 696 1911 ΙΙ.
718 1879 739 1912 l.
755 1889 782 1914 1.
831 1879 930 1914 Vnde
949 1881 1096 1924 hymnis,
1130 1882 1165 1914 in
1187 1881 1271 1915 festis
1294 1883 1345 1915 his
1371 1883 1544 1919 decantari

269 1938 383 1979 solitis,
413 1938 580 1985 peculiare
610 1949 740 1972 nomen
762 1951 782 1973 a
802 1939 1040 1989 Grammaticis
1067 1941 1217 1975 inditum
1225 1955 1237 1982 ;
1282 1944 1393 1978 vocati
1420 1957 1545 1992 nempe

269 2000 347 2034 sunt
376 2000 458 2040 ὕμνοι
485 2002 730 2039 amma-mmo),
777 2002 967 2040 aedanum,
1014 2012 1181 2047 quatenus
1213 2005 1329 2037 Deum
1356 2006 1544 2042 abeuntem

271 2060 428 2095 laudibus
452 2058 547 2094 velut
562 2057 776 2092 deducerent.
795 2057 838 2094 cf.
868 2061 1029 2096 Menand.
1052 2063 1152 2096 Rhet.
1170 2074 1198 2096 c.
1209 2072 1243 2107 4.
1270 2076 1302 2110 p,
1323 2074 1370 2114 31
1387 2067 1438 2101 ed,
1456 2070 1546 2102 1-122.

271 2132 340 2156 ren.
389 2119 448 2155 Ab
474 2118 597 2154 eodem
617 2119 750 2155 aucium
770 2120 922 2167 inprimis
953 2122 1147 2166 Bacchylides
1175 2123 1351 2167 laudatus,
1384 2139 1486 2173 poeta
1508 2131 1545 2165 in

272 2181 339 2215 hoc
354 2190 476 2227 genere
496 2179 613 2213 clarus.

149 2320 151 2323 ⁴
194 2306 243 2355 b)
267 2306 303 2341 in
317 2309 473 2355 Calliopen
486 2335 496 2351 ,
516 2311 691 2356 Apollinem
711 2318 747 2342 et
767 2308 932 2351 Noomin,
958 2308 1049 2345 edita
1067 2310 1217 2358 primum
1237 2309 1277 2345 ex
1295 2312 1467 2355 Bernardi,
1486 2316 1549 2362 qui

276 2366 318 2401 ab
328 2364 455 2401 Vfl‘erio
464 2369 545 2406 Msc.
567 2380 708 2407 emerat,
732 2368 950 2411 Bibliotheca,
969 2383 990 2405 a
1009 2376 1056 2407 10.
1070 2375 1141 2407 Fell.
1154 2373 1194 2406 ad
1213 2373 1295 2407 calc.
1308 2375 1416 2415 Arati,
1428 2378 1544 2412 Oxou,

280 2427 370 2474 1672
378 2439 390 2468 3
425 2431 566 2475 repetita
583 2431 662 2465 inde
683 2437 725 2464 et'
739 2430 849 2464 illustr.
873 2438 894 2463 a
917 2432 1046 2467 Baretta
1064 2432 1116 2466 sur
1141 2433 1173 2467 la
1192 2432 1348 2480 Melopee
1392 2436 1434 2470 de
1465 2438 1548 2473 l'au-

274 2488 396 2526 vcienne
421 2488 577 2535 Mufique
589 2491 626 2523 in
644 2490 824 2524 Memoires
841 2488 882 2522 de
901 2491 1032 2526 l'Acad.
1051 2492 1223 2533 des-Inscr.
1233 2497 1275 2530 Τ.
1288 2497 1328 2529 V.
1349 2507 1381 2542 p.
1400 2498 1465 2545 169
1474 2499 1542 2546 sqq.

276 2557 311 2580 et
332 2550 493 2593 Mai-purg
511 2548 705 2581 Geschichte
734 2550 791 2581 der
808 2548 923 2582 Mufik
942 2563 975 2595 p.
997 2560 1058 2596 193
1071 2551 1139 2597 sqq.
1165 2572 1212 2581 --
1259 2559 1310 2589 De
1327 2559 1474 2606 Hymnis
1496 2562 1544 2593 iu.

276 2616 326 2640 ter
350 2609 468 2652 ScoHa,
493 2610 560 2647 huc
587 2607 782 2650 referendis,
811 2609 913 2656 supra
935 2611 1064 2647 diaum
1092 2613 1144 2646 est.
