1804 3028
244 123 275 174 8
889 139 1023 154 ---

246 225 434 272 initium
466 222 657 278 faciam,
692 241 1001 285 quamquam,
1034 238 1228 286 excepto
1265 240 1433 286 magno
1470 224 1669 291 vocabu-

243 290 405 339 lorum
428 309 625 339 numero
642 327 654 346 ‚
722 309 842 354 quae
870 294 924 339 in
957 293 1154 340 Homeri
1176 290 1374 354 scriptis,
1442 291 1604 340 Iliades
1622 304 1670 340 et

245 358 478 421 Odyffea,
549 358 717 407 frustra
758 358 1032 421 quaesieris,
1098 359 1347 408 dietionem
1381 357 1668 421 hymnorum

239 421 526 475 Homericae
551 426 831 484 simillimam
854 425 940 476 effe
957 462 970 482 ,
1004 444 1143 475 nemo
1186 430 1363 476 inficias
1407 428 1515 476 ibit:
1554 425 1666 474 huic

239 506 406 543 ’tamen
429 498 623 550 rationi,
656 508 887 557 quatenus
911 495 1021 542 inde
1050 495 1202 543 statim
1236 497 1498 543 Homerum
1534 494 1670 556 hym-

243 579 419 610 norum
440 567 674 611 auctorem
697 566 1003 624 pronunties,
1032 576 1211 610 tantam
1252 565 1351 610 vim
1391 562 1530 610 ineffe
1564 574 1668 610 tuto

241 634 529 693 negauerim.
601 632 731 679 Inter
756 648 918 679 omnes
943 633 1069 679 enim
1092 630 1258 679 harum
1279 630 1521 679 litera-rum
1554 631 1673 691 peri-

243 711 318 745 tos
352 699 553 754 constat,
591 698 824 760 contigisse
840 700 1073 753 Homero,
1111 713 1162 747 vt
1185 702 1351 748 Graeci
1383 700 1537 747 omnis
1562 700 1669 745 aeui

240 779 437 828 poetae,
475 784 536 816 ne
557 766 876 820 recentiffimis
903 767 1092 829 quidem
1118 770 1346 829 exceptis,
1375 769 1476 815 eius
1513 764 1667 829 effigie

241 850 297 882 ac
324 834 472 895 specie
493 838 664 883 eximia
694 838 860 883 animis
883 838 1072 898 penitus
1094 837 1264 890 infixa,
1300 852 1488 884 omnem
1501 835 1670 895 poetici

239 900 467 950 sermonis
488 902 711 957 f6rmam,
749 904 927 951 cultum
962 921 1012 950 ac
1042 910 1293 952 numerum
1338 903 1396 950 ad
1433 903 1560 949 illius
1589 918 1669 948 ex-

239 969 420 1031 emplar
449 986 809 1033 componerent;
843 988 944 1024 nec,
980 968 1064 1016 nisi
1088 973 1209 1017 vatis
1230 973 1411 1032 antiqu'i
1424 970 1558 1018 velut
1581 985 1669 1015 nu-

236 1040 369 1084 mine
396 1037 554 1093 afflati,
590 1056 756 1086 canere
802 1038 1089 1087 viderentur
1109 1039 1195 1097 n).
1296 1040 1393 1086 Iam
1450 1037 1666 1091 alterum,

239 1104 469 1164 testimonia
480 1104 738 1166 scriptorum
753 1141 766 1161 ,
803 1106 929 1167 quod
954 1109 1147 1161 attinet,
1180 1104 1263 1153 nifi
1287 1106 1408 1154 forte
1425 1108 1477 1153 in
1495 1117 1667 1152 reram

239 1176 438 1235 antiqua
464 1176 710 1235 quicquam
744 1176 1027 1222 auctoritatis
1051 1175 1129 1221 vel
1157 1175 1264 1221 fidei
1282 1176 1339 1221 iis
1362 1172 1668 1230 tribuendum

238 1239 328 1287 effe
355 1244 551 1288 omnino
577 1241 869 1295 dubitemus,
905 1254 1029 1288 certe
1054 1257 1109 1287 ea
1128 1240 1278 1288 solum
1302 1243 1354 1288 in
1380 1239 1569 1288 censum
1590 1239 1668 1286 ad-

235 1310 365 1356 mitti
395 1306 579 1368 poffunt
594 1325 644 1355 ac
670 1308 863 1362 debent,
902 1325 1102 1369 quorum
1127 1311 1336 1355 auctores
1358 1309 1556 1356 Homeri
1596 1324 1670 1354 ae-

237 1388 388 1423 tatem
409 1377 620 1435 proxime
645 1378 924 1436 attigerunt,
974 1390 1061 1422 nec
1099 1375 1261 1423 eadem
1291 1389 1451 1424 tamen
1481 1374 1576 1437 ipsa
1600 1375 1670 1422 la-

238 1445 351 1490 tiori
385 1441 520 1490 sensu
542 1442 779 1497 adhiberi,
839 1459 977 1503 quam
1006 1440 1102 1504 ipsa
1128 1445 1269 1491 verba
1291 1443 1510 1492 inferant.
1610 1444 1668 1492 In

238 1510 342 1565 his,
388 1527 450 1558 ne
485 1511 669 1558 cuidam
709 1509 839 1558 fuiffe
876 1511 1037 1558 videar
1089 1512 1208 1559 iusto
1239 1513 1488 1574 prolixior,
1556 1509 1666 1559 sane

237 1578 358 1626 mihi
386 1579 649 1625 verendum
670 1578 802 1632 esset,
836 1577 921 1624 nifi
940 1595 1100 1626 eorum
1118 1614 1130 1634 ‚
1168 1596 1249 1641 qui
1270 1580 1327 1627 de
1348 1581 1554 1641 Hymnis
1568 1580 1666 1627 Ho-

237 1648 421 1694 mericis
446 1646 739 1699 iudicwere,
777 1658 955 1694 tantam
990 1649 1041 1693 in
1082 1649 1382 1708 opinionibus
1402 1646 1668 1695 sententiis-

240 1731 334 1775 que
350 1713 703 1775 discrepantiam
716 1731 774 1759 ex
789 1731 845 1759 eo
861 1713 957 1761 fere
979 1717 1116 1761 vnice
1139 1716 1439 1776 repetendam
1460 1714 1547 1763 effe
1568 1717 1666 1762 ani-

241 1781 620 1835 maduerterem,
652 1780 778 1842 quod
804 1797 891 1828 nec
921 1781 1211 1829 diuersorum
1241 1784 1555 1844 hymnorum,
1581 1799 1669 1830 nec

241 1846 430 1896 testium
457 1847 664 1896 diuersae
689 1850 828 1909 plane
854 1852 1138 1898 auctoritatis
1165 1852 1308 1898 vllam
1338 1854 1568 1899 rationem
1590 1849 1671 1897 ha-

242 1916 440 1970 bentes,
478 1933 503 1963 e
531 1914 722 1977 fingulis
773 1915 955 1963 indiciis
992 1917 1376 1980 documentisque
1420 1919 1476 1966 ad
1513 1930 1668 1966 toturn

243 1983 536 2044 hymnorum
569 1983 880 2044 complexum,
922 1985 1133 2033 Homero
1179 1985 1273 2034 fiue
1343 1985 1669 2040 addicendum,

246 2050 371 2107 flue,
403 2063 629 2113 tanquam
654 2050 888 2100 subditum
911 2065 1124 2114 partum,
1167 2055 1493 2108 reiiciendum,
1531 2056 1672 2101 nimis

1557 2121 1680 2169 festi-

317 2256 371 2304 η)
395 2260 433 2293 In
456 2269 526 2304 quo
545 2257 595 2292 vel
610 2257 709 2291 vnius
728 2259 846 2304 Quinti
868 2260 1051 2302 Smyrnaei,
1076 2257 1135 2293 sub
1157 2260 1419 2306 Imperatoribus
1431 2261 1601 2297 Romanis
1620 2260 1675 2294 de·

381 2330 500 2353 -mum
516 2318 692 2359 florentis,
717 2319 872 2365 exemplo
889 2320 1199 2355 commemorando
1217 2319 1400 2368 defungar,
1424 2321 1521 2357 cuius
1548 2319 1586 2353 in
1608 2318 1676 2353 elo-

399 2380 536 2415 cutione
553 2381 705 2420 virtutes,
728 2379 770 2413 ad
791 2381 996 2415 Homericae
1015 2379 1168 2414 distionis
1186 2380 1420 2426 praestantiam
1444 2380 1594 2428 proxime
1617 2379 1675 2414 ad-

400 2440 583 2487 surgentes,
597 2441 728 2476 meritis
741 2451 847 2485 nuper
870 2442 1030 2476 laudibus
1052 2439 1175 2473 extulit
1197 2441 1403 2486 Tychsenius,
1427 2440 1608 2476 eminentis
1626 2440 1676 2474 in·

400 2503 491 2547 genii
513 2504 634 2548 pariter
658 2515 697 2537 ac
724 2501 891 2537 doetrinae
913 2504 996 2544 Vir,
1033 2501 1070 2534 in
1096 2499 1194 2536 desta
1214 2503 1449 2540 Commentat-
1480 2502 1523 2539 de
1550 2502 1675 2548 Quinti

400 2562 578 2609 Smyrnaei
599 2562 737 2610 Paralip.
758 2561 916 2605 Homeri,
939 2576 973 2613 p.
997 2571 1129 2603 10222.

1800 1444 1804 1478 ..m
1800 1434 1804 1439 .
1800 1408 1804 1421 ,..
1800 1395 1804 1404 ..
1794 1269 1804 1391 ,man-04⁴.»
