1804 3028
228 116 290 166 32
859 120 993 138 ’‘⁶¹⁵⁶‘’

223 209 435 257 Dearum
465 209 705 256 accinente
725 203 869 255 choro
897 206 1060 269 stipati,
1087 204 1250 255 laudes
1275 208 1540 266 contineat,
1569 210 1688 266 vix

220 276 467 326 commoda
493 276 746 337 excogitari
768 274 918 337 potest
946 278 1081 330 ratio,
1115 291 1197 322 cur
1220 278 1491 345 narrationi,
1526 279 1649 334 illud

223 346 472 406 excipienti
502 342 571 405 νΓ
613 357 726 405 207,
758 360 783 389 a
805 356 944 405 poeta
980 341 1272 404 praemiffum
1301 342 1388 391 else
1425 342 1647 405 opineris.

222 411 427 466 Accedit,
452 412 581 474 quod
611 410 674 461 vs.
704 418 809 472 183.
843 411 1016 466 Deum,
1039 407 1198 459 versus
1211 398 1423 473 Delphos
1439 413 1651 475 gradien-

222 493 333 534 tem,
357 480 496 542 fingit
519 493 664 532 vates,
687 494 794 525 cum
816 480 867 525 in
877 477 1180 541 sequentibus
1203 478 1394 538 demum
1406 479 1649 533 oraculum

219 547 423 611 Delphis
446 548 504 596 ab
529 547 747 608 Apolline
779 547 1021 596 conditum
1054 547 1225 595 videas.
1307 534 1544 629 Denique
1582 542 1648 596 vs.

220 630 334 678 207.
371 615 485 670 Πῶς
493 613 534 660 τ’
553 610 612 678 ἄρ
640 613 870 674 σύμνκσω
889 632 1082 668 παντως
1109 610 1296 673 ευϋμνον
1324 631 1483 669 εοντας
1508 616 1648 677 plane

220 682 395 732 otiosus
423 681 553 737 effen,
589 679 652 730 fi
639 697 884 731 ineuntem
919 681 1008 731 hoc
1033 678 1169 731 versu
1203 678 1410 731 fabulam
1437 700 1544 731 cum
1575 686 1648 740 iis,

218 768 339 813 quae
375 753 584 812 proxime
607 750 963 806 antecesserant,
997 754 1121 798 artie
1157 750 1420 806 cohaerere,
1455 764 1649 810 conten·-

219 820 367 866 deres.
438 819 496 866 In
537 817 610 865 his
637 820 766 873 enim,
785 819 879 873 late
901 821 993 866 iarn
1018 821 1068 865 in
1101 820 1309 866 numinis
1350 819 1514 867 laudes
1568 836 1649 867 ex-

217 886 450 948 spatiatus
466 898 567 934 ‘erat
589 898 743 948 poeta,
780 887 919 942 adeo,
956 899 1010 934 vt
1032 885 1227 943 tranfitu
1244 887 1357 941 hoc,
1393 903 1498 941 πως
1526 881 1643 952 τ’ἆρ’

216 951 450 1005 σύμνήσω
497 965 583 1001 etc.
668 950 806 1000 facile
851 952 1146 1014 super-sedere
1186 953 1381 1014 potuisse
1408 954 1644 1015 putandus

213 1019 283 1070 fit.
387 1013 643 1071 Enimuero
676 1022 813 1069 initio
844 1020 1042 1081 hymni,
1088 1019 1325 1084 praemissa
1356 1014 1479 1069 forte
1512 1022 1647 1070 breui

213 1091 423 1138 numinis
446 1091 773 1143 inuocatione,
808 1087 1064 1138 formulam
1093 1087 1216 1137 hanc
1237 1089 1358 1140 bene
1391 1106 1648 1138 accommo-

213 1158 371 1206 datam
403 1156 518 1212 effe‚
567 1157 770 1219 quisque
802 1154 1038 1205 fatebitur.

364 1311 567 1358 Carmen
584 1306 673 1355 hoe
693 1304 1017 1361 dulciffimum‚
1042 1306 1156 1354 mira
1178 1300 1483 1365 simplicitate,
1495 1321 1639 1370 ‘argu-

210 1380 455 1438 mentique
489 1376 732 1429 suauitate,
755 1377 941 1436 cuique,
955 1376 1246 1435 antiquitatis
1260 1373 1392 1422 sensu
1412 1375 1641 1437 gustuque

208 1445 480 1508 paullulum
500 1444 701 1496 imbuto,
730 1441 823 1488 sese
842 1442 1199 1495 commendanffi.¹
1231 1444 1404 1503 excipit
1442 1457 1488 1490 v
1525 1455 1639 1504 207

208 1510 445 1574 hymnus,
468 1512 655 1573 longior
679 1509 894 1587 quidem,
930 1508 1054 1557 idem
1077 1525 1191 1557 vero
1202 1540 1219 1565 ‚
1264 1507 1297 1557 fi
1315 1512 1439 1558 reete
1470 1509 1636 1567 sentio,

208 1594 312 1629 tum
332 1580 507 1643 spiritu,
528 1592 631 1626 tum
652 1579 874 1625 orationis
902 1578 1035 1624 cultu
1059 1591 1107 1625 et
1128 1591 1314 1632 ornatu,
1340 1579 1635 1655 praecedenti

204 1650 501 1711 aliquantum
521 1645 739 1699 inferior3
777 1659 854 1700 vt,
889 1643 971 1693 nisi
993 1645 1181 1706 plures
1170 1661 1259 1692 iam
1285 1648 1491 1694 rationes
1514 1660 1637 1695 attu-

203 1716 367 1771 liffem‚
403 1715 485 1764 vel
512 1714 602 1762 hoc
623 1715 794 1761 indicio
821 1713 1019 1760 didicisse
1035 1730 1111 1760 me
1133 1712 1270 1760 fassus
1290 1712 1440 1769 effem,
1457 1727 1634 1762 Vtrum-

205 1802 299 1847 que
326 1781 533 1833 diuersos
559 1780 806 1845 agnoscere
824 1784 1047 1837 audiores.
1134 1780 1378 1829 Inducitur
1422 1783 1552 1830 Deus
1579 1786 1631 1831 in

202 1854 346 1900 variis
372 1852 586 1900 locorum
616 1850 839 1897 tractibus
860 1850 1107 1903 oberrans,
1139 1861 1192 1897 vt
1213 1850 1379 1911 templi
1400 1847 1629 1913 fimulque

202 1921 383 1968 oraculi
438 1918 701 1968 collocandi
749 1914 906 1965 sedem
943 1915 1158 1966 inueniat
1201 1917 1260 1976 u)
1327 1939 1389 1951 *-
1424 1933 1486 1968 ,ν.
1515 1932 1627 1983 244.

1416 1984 1632 2035 Tandem

269 2119 310 2167 u)
332 2119 475 2165 Mythus
495 2117 551 2153 hic
570 2117 751 2153 adstruam
772 2118 814 2153 est
824 2116 929 2153 veteri
948 2115 1122 2168 opinioni,
1147 2117 1222 2153 loca
1240 2112 1340 2159 sacra,
1354 2118 1483 2164 templa
1502 2128 1537 2153 et
1556 2132 1628 2155 ora⁴

348 2179 427 2217 cula
449 2194 468 2215 a
487 2176 580 2218 Diis,
605 2176 640 2211 in
659 2190 807 2223 quorum
827 2181 993 2214 honorem
1007 2176 1160 2216 ‚condita
1190 2178 1275 2219 fint,
1309 2174 1344 2212 in
1369 2176 1484 2225 primis
1510 2178 1628 2222 amari,

349 2242 433 2283 coli,
459 2235 641 2276 inhabitari
650 2249 663 2279 5
695 2234 845 2285 adeoque
870 2250 995 2274 natum
1028 2236 1106 2274 inde
1137 2249 1399 2281 commentum,
1431 2239 1521 2275 Deos
1552 2241 1627 2276 loca

345 2304 429 2338 haec
453 2299 513 2336 fibi
551 2297 637 2347 ipsos
669 2298 830 2346 delegisse.
860 2295 900 2335 cf.
924 2300 1053 2335 Pindar.
1084 2301 1138 2335 01.
1161 2302 1245 2340 vu,
1272 2311 1345 2337 κιο.
1379 2298 1541 2349 Apollod.
1565 2303 1624 2343 m,

352 2374 416 2409 14,
442 2374 469 2398 1.
493 2361 611 2409 ibique
632 2361 866 2397 Doctifiimum
885 2365 1026 2406 Interpr.
1052 2361 1179 2395 inNot.
1196 2363 1227 2394 Ρ.
1240 2363 1288 2403 11,
1307 2375 1337 2410 pi
1353 2368 1430 2408 825.
1464 2372 1569 2410 quem
1589 2371 1625 2396 et
1663 2395 1665 2398 ⁴

345 2423 478 2470 Hymni
488 2423 587 2456 nostri
606 2425 724 2457 iocum
734 2422 886 2457 excitasse
896 2420 1018 2456 videas.
1045 2422 1136 2456 Hinc
1155 2421 1226 2463 iure
1241 2423 1351 2458 Strabo
1362 2421 1532 2469 Ephorum
1548 2447 1557 2461 ,
1575 2422 1623 2455 hi-

345 2485 466 2518 storiar.
481 2483 668 2526 auctorem,
685 2479 870 2530 perstringit
889 2485 910 2519 l.
923 2484 970 2518 IX
990 2494 1021 2529 p.
1034 2491 1106 2527 422
1116 2480 1182 2528 sqq.
1205 2477 1344 2518 casaub.
1359 2478 1453 2529 quod
1469 2478 1621 2518 fabulam
1643 2520 1651 2539 r

345 2545 432 2579 hanc
454 2546 495 2578 de
515 2544 682 2591 Apollinis
705 2545 888 2587 erroribus,
909 2556 992 2581 cum
1005 2543 1141 2579 caeteris
1155 2545 1221 2581 huc
1235 2542 1519 2591 speaantibus,in
1531 2553 1623 2584 comi

342 2604 528 2641 mentm-ios
550 2605 625 2640 suos
649 2614 828 2652 receperat.
