1804 3028
225 106 284 154 16

221 230 387 264 corum
439 210 636 272 Tragico
670 207 930 264 decantata,
965 210 1022 257 ad
1054 221 1180 257 certa
1210 224 1380 272 genera
1414 210 1648 260 etclaffes
1688 248 1692 251 -

220 285 400 346 primus
429 293 650 326 reuocare
670 279 873 324 tentauit
892 278 952 333 c).
1052 278 1295 326 Praeterea
1348 277 1422 324 hic
1474 296 1651 327 memo-

222 350 360 400 randi
412 345 520 394 sunt
559 345 701 406 hymni
734 346 777 390 in
811 343 960 389 Bacchi
996 344 1185 389 honorem
1217 346 1391 393 conditi
1427 343 1457 393 s.
1492 343 1651 409 Driby-

221 418 355 466 rambi
392 416 631 475 (quorum
648 415 871 459 inuentor
902 411 1044 457 Arion
1070 411 1389 474 Methymnaeus
1420 414 1476 461 ab
1501 410 1652 462 H'ero-

223 488 334 534 doto
370 484 408 537 1,
446 499 484 529 c.
507 483 586 542 23,
624 481 680 526 ab
717 481 820 527 aliis
849 480 926 526 alii
963 478 1252 538 laudantur)
1280 482 1363 537 d),
1403 481 1482 531 etfi
1515 482 1650 530 nobis

221 566 412 603 tantum
453 552 668 602 nornine,
738 549 1033 609 Romanique
1073 561 1238 609 poetae
1295 549 1650 598 adumbratione

221 624 353 671 noti:
390 618 603 667 carminis
626 632 798 678 genus,
867 618 997 663 cuius
1024 614 1235 678 spiritum
1265 628 1313 663 et
1346 619 1481 665 velut
1523 617 1651 666 furo-

220 707 323 739 rem
344 685 498 735 nostra
523 689 675 731 aetate
710 687 791 731 vix
819 686 1101 745 cogitatione
1133 684 1302 746 affequi
1335 686 1443 733 licet
1464 686 1515 745 e)
1598 686 1651 735 Id

221 773 383 808 tamen
435 755 632 801 omnino
680 754 945 800 coniedtura
986 751 1120 800 facile
1180 753 1440 814 coliigitur,
1504 754 1653 816 lyricos

221 826 429 887 hymnos
486 836 569 865 mm
605 835 754 882 magno
786 819 974 898 verisnam
1014 835 1181 865 numero
1217 820 1487 887 constitiffe3
1556 839 1651 883 quo

225 897 356 944 enim
392 889 720 939 vehementior
762 890 906 941 animi
936 886 1092 936 {ensus
1111 900 1385 949 motusque,
1422 907 1478 937 eo
1515 891 1650 938 citius

223 961 518 1011 remittitur,
585 956 794 1017 adeoque
829 959 978 1004 oratio
998 990 1010 1008 ‚
1065 954 1222 1002 sensus
1251 956 1379 1003 istius
1405 959 1650 1019 interpres,

224 1028 408 1078 feruida
430 1038 478 1072 et
494 1026 751 1076 concitata,
824 1021 929 1084 ipfis
964 1019 1154 1070 affeetus
1194 1022 1391 1070 humani
1425 1025 1653 1073 limitibus

223 1097 361 1145 velut
383 1095 640 1145 maritata,
696 1093 821 1138 intra
849 1092 1073 1151 exiguum
1105 1090 1357 1138 verborum
1384 1109 1434 1139 ac
1470 1090 1655 1140 senten-
1708 1087 1713 1091 ’

223 1168 400 1214 tiarum
424 1160 651 1207 ambitum
669 1157 833 1219 sponte
863 1156 1070 1205 subsistat
1103 1158 1278 1210 necefl'e
1299 1158 1376 1206 est.
1449 1161 1501 1207 Id
1527 1160 1653 1223 quod

226 1234 309 1282 vel
333 1229 429 1293 ipsa
450 1226 639 1288 insuper
670 1239 885 1273 veterum
908 1225 1181 1286 scriptorum
1205 1229 1476 1273 auetoritate
1491 1226 1656 1276 saltem

225 1303 284 1349 de
316 1301 604 1359 hymnorum
635 1307 766 1354 parte
788 1294 1119 1346 confirmatur,
1155 1296 1238 1353 qui
1260 1296 1311 1339 in
1333 1293 1467 1354 fixeris
1492 1299 1657 1341 arcanis

223 1369 257 1418 s,
290 1384 330 1413 m
333 1363 466 1428 yfticis
500 1357 774 1422 (τελεταις,
812 1359 1122 1421 antiquiffima
1145 1373 1295 1408 aetate
1329 1378 1355 1407 a
1387 1364 1501 1410 viris
1539 1361 1654 1426 sapi-

226 1436 416 1484 entibus
456 1429 513 1478 ad
549 1427 858 1476 emolliendos
889 1428 1193 1475 barbarorum
1225 1428 1471 1478 hominum
1503 1448 1654 1480 mores

225 1496 490 1558 institutis)
527 1498 761 1544 decantati
786 1495 872 1542 effe
897 1495 1217 1557 perhibentur,
1236 1514 1352 1559 quos
1375 1510 1532 1548 tamen
1557 1500 1656 1562 lyri-

226 1574 308 1623 cis,
342 1580 565 1628 tanquam
593 1563 789 1625 spec-iem
831 1565 1015 1624 generi,
1058 1565 1402 1625 quodammodo
1442 1566 1658 1631 subiungi

227 1638 381 1703 poss'e,v
402 1652 511 1682 mox
527 1634 746 1679 euincere
760 1631 1049 1678 conabimur.
1122 1633 1272 1680 Fuere
1285 1636 1337 1680 111
1358 1638 1654 1697 antiquitate,

1530 1719 1656 1753 inter

300 1827 346 1877 c)
370 1830 420 1861 De
443 1822 547 1866 Chori
567 1822 721 1855 Graecor.
740 1818 874 1865 Tragici
899 1829 1019 1853 natura
1038 1830 1071 1854 et
1093 1820 1207 1855 indole
1227 1822 1357 1856 ratione
1388 1826 1581 1870 argumenti
1601 1827 1662 1861 ha«

381 1883 629 1927 bita.Gotting.
658 1884 745 1925 1784
765 1898 810 1905 --
836 1880 893 1913 Ab
914 1882 1059 1925 Hymnis
1082 1883 1144 1921 his,
1167 1883 1226 1927 qui
1248 1884 1281 1915 iu
1299 1886 1408 1919 choris
1437 1897 1590 1921 veterum
1608 1900 1655 1923 re-

379 1948 568 1995 periuntur,
582 1941 805 1986 distinguendi
820 1940 897 1974 sunt
920 1942 987 1981 alii,
1000 1942 1109 1976 seriori
1130 1954 1240 1977 aetate
1262 1944 1347 1979 inter
1359 1947 1523 1989 dramata,
1536 1949 1578 1982 ad
1597 1950 1656 1984 ob-

381 2007 551 2042 leaandos
575 2004 782 2050 ΐρεξὶεῐοτες,
804 2004 911 2038 accini
932 2003 1037 2043 soliti,
1066 2005 1191 2050 quippe
1210 2006 1305 2039 nullo
1326 2018 1406 2039 cum
1419 2006 1535 2041 fabula
1562 2021 1655 2044 nexu

309 2112 311 2114 Ι
381 2068 618 2105 cohaerentes,
644 2065 756 2110 quales
776 2077 804 2098 v.
826 2076 853 2098 c.
876 2077 895 2098 a
918 2067 1052 2099 Nerone
1071 2065 1165 2110 saepe
1193 2067 1364 2100 decantati
1390 2069 1608 2112 perhibentur
1636 2082 1657 2104 a

382 2128 522 2164 Lucian.
546 2127 580 2161 in
607 2129 740 2161 Nerone
758 2137 790 2171 p.
806 2135 904 2172 1041.
933 2125 975 2161 cf.
995 2127 1108 2162 Olear.
1123 2127 1165 2161 ad
1177 2128 1321 2162 philostr.
1339 2127 1409 2162 Vit.
1428 2130 1540 2175 Apoll.
1561 2132 1581 2164 1.
1595 2133 1653 2170 1v,

380 2198 438 2224 21.
472 2199 503 2232 p.
530 2196 604 2233 159.
1656 2192 1667 2201 ⁸

305 2255 355 2302 d)
379 2253 420 2289 cf.
436 2252 552 2289 Crenii
574 2262 658 2287 nota
676 2252 717 2286 ad
739 2252 879 2288 Casaub.
901 2253 942 2288 de
961 2256 1028 2288 Sat.
1048 2253 1137 2300 poefi
1153 2255 1218 2298 l.1,
1236 2266 1264 2298 1,
1287 2264 1352 2303 143
1375 2267 1456 2292 cum
1475 2256 1653 2293 Herodoto

354 2322 357 2325 ’
381 2314 463 2349 fauit
482 2314 677 2349 Aristoteles
701 2315 778 2349 teste
804 2316 918 2350 Proclo
942 2316 978 2348 in
997 2315 1121 2351 Chi-est.

300 2420 346 2468 e)
368 2419 470 2456 Procl.
498 2419 533 2453 in
555 2420 680 2456 Chrest.
704 2426 748 2454 ’έςι
770 2422 798 2453 δὲ
821 2425 832 2453 ὃ
854 2426 906 2462 μὲν
925 2422 1103 2464 διῧῦρκμβος
1125 2422 1303 2459 κεκινημένος
1322 2426 1373 2454 καὶ
1401 2424 1478 2453 vrum>
1507 2424 1541 2453 τ)
1561 2424 1655 2455 ἔνθου-

382 2485 478 2517 σιῶδες
505 2486 581 2521 μετὰ
606 2487 732 2525 χορείαις
756 2485 921 2521 ἐμφαίνων,
959 2487 1001 2516 εἷς
1022 2485 1104 2514 πάθη
1130 2474 1445 2522 κειται-κευειζὸμενοῖ.
1479 2486 1518 2514 τὲ
1540 2487 1653 2522 ‘animm

381 2546 476 2574 οἰκεῖαι
495 2546 546 2573 τοῦ
565 2547 632 2574 θεοῦ
652 2541 694 2577 cf.
715 2543 902 2578 Willainov
921 2543 955 2576 in
972 2539 1112 2588 praefat.
1140 2542 1182 2575 ad
1209 2541 1448 2588 Dithyrambos
1475 2545 1652 2580 vernacula

378 2601 497 2648 lingua
525 2602 744 2639 adumbratos
758 2630 767 2644 ‚
799 2604 913 2650 ibique
934 2603 1047 2639 laudd.
1066 2601 1188 2649 scriptt.
