1804 3028
203 123 275 184 *36

216 225 465 288 Onchestii
513 222 636 271 senis
678 223 878 277 indicio,
943 226 1141 286 augurio
1187 224 1375 287 insuper
1418 232 1637 288 monitus,

211 295 505 344 Mercurium
529 290 645 339 furti
671 295 907 339 auctorem
930 291 1239 356 comperisset,
1272 307 1460 344 antrum
1485 296 1641 353 Maiae

212 365 314 411 adit
348 387 410 395 —
442 378 489 408 v.
519 375 634 424 234.
729 359 897 407 Oritur
933 362 1059 407 inter
1099 372 1352 423 Vtrumque
1385 363 1542 409 Deum
1576 364 1643 408 al-

209 429 430 484 tercati0‚
485 428 610 476 fiunt
649 428 799 488 iurgia
835 428 1063 488 primum,
1129 443 1241 476 mox
1281 431 1412 485 rixa,
1460 427 1642 491 addun-

204 492 289 546 'tur
324 499 509 551 minae;
556 495 865 544 nihilominus
905 494 1104 550 factum,
1158 499 1291 544 cuius
1333 499 1391 545 ab
1423 497 1641 560 Apolline

205 561 535 618 infimulatur‚
581 563 886 624 peruicaciter
916 576 1059 625 negat
1074 564 1352 612 Mercurius.
1425 564 1640 613 Tandem

203 635 262 683 in
286 635 409 693 *Ioue
443 633 761 679 contentionis
790 631 965 678 arbitro
995 631 1216 692 eligendo
1242 644 1442 693 vterque
1470 649 1642 680 conue-

202 698 348 749 niunt
378 725 434 732 -—
461 716 507 744 v.
532 714 643 760 312.
713 699 934 747 Vertitur
969 697 1097 746 nunc
1131 700 1184 746 in
1209 697 1474 762 Olymp'um
1491 698 1638 748 scena.

201 770 375 832 Agitur
411 766 561 816 caussa
591 783 745 815 coram
775 765 992 813 sollemni
1026 768 1239 820 Deorum
1266 767 1497 824 conseffu,
1529 764 1641 817 Ioue

202 838 367 886 iudicii
403 834 619 897 praeside.
690 836 797 888 Hic,
834 835 1040 882 filiorum
1068 838 1246 883 animos
1270 835 1405 885 facile
1438 838 1642 899 placans,

202 904 456 968 persuadet
485 905 743 957 Mercurio,
781 916 849 957 vt,
888 903 1059 964 Pylum
1095 902 1394 959 descendens,
1432 918 1645 953 armenta

200 973 425 1034 Apollini*
451 970 618 1018 reddat
651 996 715 1002 —
751 987 797 1016 v.
836 983 953 1031 4-17.
1048 972 1231 1017 Verum
1273 972 1435 1019 audito
1479 988 1642 1019 recens

200 1042 429 1088 inuentae
453 1036 659 1086 citharae
691 1035 832 1091 form,
862 1034 1222 1100 suauiffimoque
1253 1041 1464 1087 numinis
1486 1053 1641 1094 cantu,

198 1110 382 1157 mirans
423 1118 571 1153 artem
614 1105 811 1166 Apollo,
891 1104 1207 1167 redintegrata
1255 1123 1361 1153 cum
1403 1108 1644 1154 Mercurio

201 1176 434 1230 amicitia,
481 1171 708 1222 citharam
745 1171 803 1220 ab
836 1189 893 1219 eo
929 1172 1054 1220 dono
1089 1175 1276 1235 accipit,
1341 1172 1437 1235 ipse
1465 1190 1645 1223 armen-

203 1256 367 1292 torum
398 1257 560 1290 curam
592 1242 831 1289 Mercurio
860 1242 1082 1301 iniungit.
1175 1242 1246 1288 Ita
1280 1244 1433 1289 mutui
1472 1244 1642 1289 amoris

202 1311 317 1359 dato
352 1311 574 1372 pignore,
629 1309 683 1354 in
706 1307 971 1368 OlymPum
1005 1306 1176 1356 reuersi
1211 1310 1292 1356 Dii
1322 1326 1352 1355 a
1380 1311 1495 1357 Ioue
1523 1311 1645 1358 laete

202 1381 509 1440 excipiuntur
532 1400 597 1408 —
621 1392 667 1422 v.
695 1388 805 1435 507.
889 1375 994 1422 Hoc
1022 1375 1126 1423 loco
1152 1378 1410 1424 accuratius
1444 1375 1647 1439 inspecto

205 1448 329 1509 quin
374 1443 610 1505 hymnum
657 1443 784 1489 finiri
828 1440 1039 1497 credam,
1103 1445 1183 1490 vix
1226 1443 1343 1491 mihi
1384 1445 1644 1506 tempe’rare

204 1512 402 1578 poffum.
488 1513 626 1569 Quae
657 1512 749 1556 iam
775 1507 1037 1570 sequuntur
1068 1511 1179 1559 inde
1212 1529 1240 1558 a
1274 1530 1319 1559 v.
1352 1521 1473 1573 508,
1521 1512 1664 1561 haud*

208 1582 354 1630 dubie
390 1579 584 1626 alterius
617 1576 784 1637 hymni
814 1576 1076 1638 fragmenta
1107 1577 1238 1634 sunt,
1283 1597 1371 1628 nec
1403 1580 1519 1628 haec
1547 1584 1648 1643 quis-

209 1650 319 1698 dem
354 1649 480 1695 inter
512 1643 560 1693 se
594 1643 903 1693 cohaerentia.
978 1645 1057 1694 Vs.
1089 1655 1199 1707 508.
1228 1662 1336 1709 509.
1371 1650 1500 1697 enim

279 1729 430 1787 Αὐτὸς
465 1726 504 1781 δ’
540 1724 660 1779 αὖθ’
697 1725 847 1796 {dene
878 1727 1034 1791 σοφίης
1067 1729 1353 1792 {nudo-cavo
1387 1731 1550 1793 τέχνην

282 1817 528 1888 Συρίγγων
561 1813 718 1867 ἒνοπῆν
748 1811 984 1867 ’ποιήσατο
1019 1818 1194 1872 τηλόθ’
1221 1817 1467 1872 ἀκουστήν.

217 1945 279 1976 ex
315 1943 441 1974 noua
464 1923 834 1986 interpolatione
855 1937 984 1972 ortos
1004 1923 1091 1972 effe
1120 1939 1261 1987 pute,
1286 1925 1408 1976 forte
1436 1945 1463 1975 a
1485 1928 1651 1976 Gram-

219 1997 393 2044 matico
427 1992 630 2054 quodam
664 1989 889 2047 insertos,
934 1995 1013 2054 qui
1044 1995 1186 2041 etiam
1222 1992 1447 2062 σύριγγος
1475 2012 1503 2043 a
1526 1996 1654 2046 Mer-

220 2065 355 2111 curio
382 2063 608 2108 inuentae
642 2062 932 2108 meminerat.
968 2076 1013 2108 v.
1034 2062 1347 2122 Apollod.III,
1369 2079 1447 2118 10,
1479 2080 1524 2113 2.
1560 2062 1653 2131 Ἑρ-

222 2129 316 2191 μῆς
349 2123 398 2178 δὲ
432 2125 621 2182 ταύτας
667 2124 791 2184 (ταῖς
830 2127 989 2186 βασις)
1043 2130 1216 2184 νέμων,
1252 2127 1464 2194 σύριγγα
1502 2130 1655 2179 πάλιν

224 2193 496 2260 πηξάμενος
529 2189 740 2261 ἐσύριζεν.
808 2198 878 2245 Ex
910 2213 1004 2258 quo
1041 2196 1145 2246 loco
1176 2197 1256 2261 vel
1288 2212 1491 2261 apparet,
1523 2199 1655 2248 fabu-
1685 2202 1692 2208 ’
1753 2255 1757 2264 ¹

226 2268 323 2316 lam
355 2266 477 2314 hanc
512 2263 669 2327 quoad
697 2276 879 2327 tempus
912 2265 969 2312 ab
1006 2281 1091 2319 ea,
1124 2282 1244 2328 quae
1276 2268 1327 2314 in
1359 2267 1539 2331 hymno
1573 2284 1658 2315 no-

229 2335 322 2384 stro
366 2336 665 2387 continetur,
723 2332 906 2394 prorsus
950 2331 1182 2382 diuersam
1226 2334 1325 2383 effe.
1422 2339 1479 2386 In
1523 2336 1655 2383 libris

230 2405 358 2451 enim
386 2419 504 2464 quos
537 2399 773 2462 exscripfit
805 2402 1141 2463 Apollodorus,
1189 2403 1413 2466 σύριγγος
1442 2405 1656 2451 inuentio

231 2471 289 2518 ad
322 2470 368 2515 id
398 2483 582 2531 tempus
618 2469 767 2516 relata
800 2468 944 2518 fuerit
974 2469 1150 2518 necess'e
1183 2469 1276 2526 est,
1346 2488 1440 2532 quo
1470 2472 1658 2518 Mercu-

229 2542 329 2588 rius
366 2548 574 2586 armenta
605 2539 662 2585 ab
683 2537 899 2600 Apolline
928 2552 1113 2606 accepta
1133 2538 1349 2601 pasceret.
1423 2538 1658 2588 Vltimum

1571 2609 1659 2657 hoc
