1804 3028
226 226 464 289 compositi
519 225 687 281 essent,
762 224 840 273 sed
882 218 1152 289 argumenti
1197 227 1377 274 vnitate
1418 229 1557 280 etiam
1596 226 1662 274 ad‘

225 290 473 344 ἐποποιίαν
504 298 719 357 proxime
764 295 1060 345 accederent:
1118 296 1159 342 is
1206 294 1466 358 reperietur
1492 297 1654 344 'etiam

224 366 277 412 in
309 363 396 410 hoc
437 361 618 411 dudum
661 366 755 411 iam
805 363 1055 425 deperditis
1102 375 1411 411 annumerato
1455 359 1652 422 hymno,

226 447 364 493 quem
400 433 577 492 primis,
614 432 873 492 iisdemque
920 445 1105 480 tantum
1146 447 1247 479 non
1280 428 1535 478 nouiffimis
1572 446 1654 477 cu·-

226 500 290 545 ris
324 498 392 555 i),
428 501 495 546 ita
529 499 813 560 perpolitum
847 510 896 546 et
931 513 1147 548 ornatum
1197 498 1327 546 dedit
1358 497 1652 551 Ruhnkenii,

221 566 331 614 Viri
365 567 571 622 Summi,
607 566 844 620 doctrina,
899 580 967 623 vt,
1005 584 1110 615 cum
1144 568 1310 614 ceteris
1336 563 1477 615 huius
1514 581 1654 627 gene-

221 636 286 681 ris
321 635 604 682 carminibus
639 652 786 697 aeque
819 635 940 684 bene
964 639 1116 684 aetum
1150 633 1293 687 esset,
1346 631 1653 682 vehementer

222 706 503 764 opfaremus.
539 728 602 736 —
683 704 879 765 Hymno
916 705 1079 752 Cereri
1112 715 1161 751 et
1200 700 1505 764 Proserpinae
1546 702 1653 761 (με-’-

219 766 402 831 705³oeoe
428 768 568 825 θεαῖς
601 769 681 831 1))
718 789 744 818 a
765 785 903 834 poeta
931 773 1083 821 dicato
1120 789 1165 819 v.
1198 786 1306 826 1.2,
1338 768 1497 824 huius,
1522 770 1655 836 puel-

219 838 319 892 lae,
366 841 492 887 inter
528 841 829 889 Oceanitidas
861 843 913 889 in
943 858 1104 902 campo
1135 839 1266 900 Nyfio
1319 839 1396 896 m)
1429 839 1564 885 flores
1587 838 1654 884 le·

219 908 390 966 gentis,
421 919 581 967 raptus
614 906 884 955 describitur
917 933 981 940 —
1015 925 1060 955 v.
1091 923 1167 969 39.
1222 908 1395 955 Ludkus
1424 906 1535 953 inde
1554 920 1654 953 ma-

218 975 302 1020 tris
339 987 387 1021 et
418 990 600 1021 errores
639 999 701 1007 --
735 992 780 1022 v.
810 989 886 1033 50.
916 975 1085 1036 quibus
1112 991 1194 1035 per
1223 976 1398 1020 no‘uem
1425 973 1522 1019 dies
1542 989 1651 1019 cons

217 1043 439 1094 tinuatis,
495 1042 633 1088 obuia
663 1043 718 1088 fit
751 1043 944 1090 Hecate.
1023 1042 1234 1103 Pergunt
1265 1040 1322 1088 ad
1352 1038 1497 1087 solem
1526 1052 1651 1088 vtra-

217 1125 332 1169 que,
395 1124 557 1170 raptus
610 1112 848 1157 amtorem
892 1107 1202 1162 sciscitantur3
1271 1125 1365 1170 quo
1413 1121 1650 1170 comperto

218 1177 360 1222 Ceres
392 1177 497 1223 Diis
528 1175 717 1230 infesta,
778 1194 944 1225 eorum
980 1179 1133 1225 vitans
1168 1174 1480 1230 consortium,
1546 1177 1649 1223 ani-

217 1244 351 1291 culae
384 1242 593 1292 adsumta
627 1243 802 1299 forma,
855 1246 912 1292 ad
947 1243 1253 1306 Parthenium
1286 1242 1466 1290 fontem
1502 1260 1646 1305 prope

212 1310 430 1359 Eleusina
467 1311 661 1360 considit
697 1330 737 1359 v.
773 1328 878 1376 104.
952 1313 1023 1361 lbi
1054 1329 1080 1359 a
1111 1311 1268 1366 Celei,
1313 1309 1534 1359 Eleusinii
1572 1328 1646 1359 re-

213 1381 311 1441 gis,
365 1379 551 1428 filiabus
595 1382 792 1428 inuenta
835 1395 885 1429 et
925 1383 1117 1429 comiter
1159 1392 1379 1441 excepta,
1444 1396 1554 1426 mox
1595 1382 1647 1427 in

212 1460 491 1508 parentum,
520 1448 653 1496 Celei
686 1462 736 1495 et
767 1450 1049 1501 Metanirae,
1098 1447 1289 1494 aedibus
1323 1449 1517 1494 nutricis
1544 1464 1645 1493 mu-

212 1530 304 1561 nus
341 1514 452 1561 obit.
493 1541 556 1548 —
592 1532 636 1562 v.
672 1524 779 1576 189.
870 1515 1162 1573 (Inducitur
1197 1513 1272 1562 hic
1303 1515 1446 1559 Iambe
1475 1514 1531 1561 ad
1563 1532 1643 1562 ex-
1695 1551 1697 1553 .

210 1581 504 1628 hilarandam
554 1584 734 1635 Deam,
804 1583 931 1629 filiae
974 1581 1196 1630 desiderio
1235 1581 1642 1631 contabescentem

209 1648 476 1711 moesteque
501 1647 769 1704 sedentem,
826 1650 1014 1699 dicteria
1042 1663 1091 1699 et
1122 1654 1249 1699 iocos
1279 1652 1453 1698 iaciens
1486 1675 1547 1684 -—-
1589 1668 1636 1698 v.

208 1718 345 1776 205).
419 1719 606 1766 Interea
639 1718 950 1781 Demophon,
986 1735 1012 1767 a
1046 1721 1149 1768 Dea
1181 1721 1411 1773 nutritus,
1446 1719 1639 1766 mirifice

1456 1785 1633 1834 crescit.

273 1906 305 1953 i)
340 1909 442 1952 Verfio
465 1907 598 1953 Hymni
617 1917 652 1940 et
677 1910 910 1945 emendationes
935 1911 1119 1945 nonnullae
1144 1921 1185 1943 ex
1211 1908 1308 1943 ltalia
1333 1920 1441 1955 nuper
1464 1908 1637 1955 prodiere:

354 1968 411 2001 ina
436 1981 455 2001 a
480 1969 683 2003 Marchione
711 1971 931 2006 Pindemcmtio
955 1969 1119 2010 confeaa,
1143 1971 1208 2005 hoc
1232 1970 1285 2004 tir.
1317 1970 1410 2015 vulg.
1423 1968 1637 2014 Voigarizza-

354 2039 474 2063 mento
508 2029 584 2063 den’
611 2031 698 2063 Inno
724 2041 743 2063 a
778 2032 899 2066 Cerere
923 2030 1075 2077 scoperto
1099 2031 1341 2066 ultimamente
1376 2030 1417 2064 ed
1453 2029 1633 2065 attribuito

353 2088 395 2121 ad
419 2090 560 2124 Omero.
587 2086 727 2122 Baffano
756 2095 865 2135 1783,
885 2096 905 2133 8
914 2103 927 2133 ς
959 2093 1021 2125 hae
1052 2092 1094 2125 ab
1134 2094 1267 2137 Ignarm
1300 2092 1431 2126 editae:
1469 2091 1633 2126 Emenda-

350 2147 462 2182 tiones
481 2148 602 2193 hymni
627 2149 802 2184 Homerici
826 2151 862 2185 in
887 2153 1057 2187 Cererem.
1083 2152 1225 2198 Neapol.
1246 2154 1344 2198 1784.
1365 2157 1395 2193 8.
1445 2153 1631 2199 Vtriusque

350 2206 526 2242 censuram
552 2219 582 2241 v.
607 2206 643 2241 in
662 2209 831 2253 Ephemer.
853 2212 917 2246 Lit.
938 2212 1093 2259 Gotting.
1113 2213 1211 2259 1786.
1237 2224 1268 2258 p.
1291 2210 1367 2256 362.
1418 2211 1481 2245 Sed
1498 2223 1629 2245 nouam

348 2269 482 2313 Hymni
514 2266 756 2308 recensionem,
789 2271 873 2305 Cod.
899 2271 1048 2307 Moscov.
1083 2272 1200 2307 denuo
1223 2272 1312 2312 coll.,
1339 2284 1358 2306 a
1385 2270 1628 2317 Mit'scherlichie

348 2330 389 2361 V.
416 2328 466 2363 Ci.
500 2340 674 2375 paratam,
718 2339 772 2371 et,
804 2332 897 2378 quod
937 2332 1064 2375 sciam,
1108 2333 1169 2369 sub
1201 2333 1298 2381 prelis
1331 2335 1401 2370 iam
1432 2325 1625 2373 sudantem,

347 2389 448 2424 auide
477 2389 719 2437 exspectamus.

263 2482 304 2531 l)
326 2495 354 2516 v.
377 2485 476 2530 Soph.
498 2485 586 2521 Oed.
608 2487 683 2522 Col.
704 2485 786 2534 673.
835 2490 973 2531 Pausan,
1001 2493 1100 2530 Vm,
1122 2499 1186 2535 31,
1211 2490 1337 2538 p.664.

264 2567 328 2615 m)
347 2566 645 2666 l1:1ysah.l-CCaesrz'ae
662 2573 736 2609 vrbs
758 2573 977 2624 intelligatur,
1000 2587 1029 2611 v.
1042 2576 1163 2613 Strabo
1181 2579 1269 2615 XIV.
1288 2588 1320 2624 p·
1334 2574 1414 2622 960-
1436 2571 1478 2612 cf·
1506 2575 1627 2610 Ruhn-
1641 2576 1667 2582 κ

374 2638 425 2663 en.
448 2631 488 2667 V.
544 2654 552 2664 .
574 2631 616 2666 ad
637 2644 666 2667 v.
692 2641 744 2680 η.
