1804 3028
1487 150 1548 199 43

131 260 208 292 me
229 241 477 299 obnoxius,
490 235 773 290 'mortalium
794 239 1078 291 feminarum
1131 258 1288 290 amore
1339 239 1551 302 deperiit.

130 312 387 361 Enimuero
428 313 519 360 hoc
550 309 646 371 ipso
681 308 892 358 meruifl'e
912 312 1063 359 Deam
1090 324 1234 370 puta,
1289 325 1344 359 vt
1377 328 1404 358 a
1439 310 1555 357 Ioue

63 407 65 411 ·
131 377 267 429 fimili
296 380 750 441 furoressmentisque
771 378 1007 427 dementia
1042 380 1287 438 puniretur
1311 404 1372 431 ‚—-
1409 395 1456 426 v.
1476 390 1554 437 52.

131 448 279 496 Grani
301 449 446 508 igitur
478 442 681 508 Anchisae
710 446 905 495 bubulci
935 462 1095 494 amore
1127 445 1334 507 perculsa
1362 449 1555 500 Venus,

130 515 274 576 Paphi
299 515 681 575 templum-adit,
715 515 874 576 ibique
886 514 1056 576 pulcris
1078 513 1284 561 vestibus
1322 516 1558 575 variisque

131 583 418 630 ornamentis
439 582 620 637 induta,
636 581 695 629 ad
709 579 950 637 Anchisae,
961 580 1104 629 inIda
1124 592 1300 635 monte,
1315 583 1556 643 tugurium

129 663 349 713 properat
382 676 444 685 —
480 661 525 699 v;
567 666 644 712 90.
733 651 953 712 Sequitur
992 648 1148 698 suauis
1176 652 1329 704 Deae,
1401 650 1557 704 Otrei,

130 717 358 778 Phrygiae
381 720 518 780 regis,
539 720 684 766 filiam
706 717 964 767 simulantis
978 753 991 773 ,
1062 735 1169 765 curn
1195 718 1376 780 pastore
1401 716 1562 764 confa-

130 784 319 834 bulatio,
343 812 407 820 -
440 803 485 834 v.
530 800 647 849 1545
678 799 781 834 tum
806 785 901 848 ipse
938 785 1199 848 congressus
1246 812 1306 818 ——
1348 803 1393 833 v.
1435 788 1558 845 1675

132 868 274 913 quern
301 855 474 913 excipit
495 855 700 900 Veneris-
718 856 893 906 oratio,
939 869 1032 913 qua
1067 865 1170 900 tum
1203 850 1428 899 Anchisae
1464 867 1561 898 me-

132 932 250 974 tum,
274 922 433 982 agnita
458 921 575 975 Dea,
610 922 767 968 animo
800 933 1079 983 conceptum
1114 921 1305 975 eximit,
1339 931 1563 981 eumque,

133 999 278 1048 prout
305 1002 459 1038 totum
488 988 819 1036 Dardanorum
852 1005 1017 1050 genus,
1072 990 1175 1036 Diis
1216 1004 1441 1049 perquam
1485 1003 1565 1034 ca-

132 1071 239 1102 rum
261 1053 376 1110 effe,
412 1056 718 1116 Ganymedis,
754 1057 910 1108 Trois,
947 1055 1162 1111 Tithoni,
1189 1056 1418 1117 exemplis
1433 1071 1565 1102 com«

132 1125 402 1169 memoratis
423 1124 693 1176 confirmat,
729 1136 831 1169 tum
869 1126 1054 1170 Aeneae
1088 1140 1273 1184 partum
1320 1122 1562 1184 praesagit.

133 1191 288 1238 Finito
314 1190 505 1238 demum
534 1189 747 1240 sermone
768 1193 822 1239 in
851 1190 1034 1240 caelum
1061 1190 1183 1237 redit
1214 1216 1276 1224 —
1310 1208 1357 1237 v.
1375 1205 1475 1255 290
1494 1187 1562 1249 b).

492 1343 594 1394 IV.
673 1342 879 1412 Hymnus
912 1346 960 1395 in
1007 1344 1211 1396 Cererem.

292 1456 449 1511 Quem
478 1452 753 1503 vniuersum
786 1456 1091 1515 Hymnorum
1115 1456 1475 1503 Homericorum
1500 1479 1566 1490 -·

141 1533 371 1582 quantum
414 1539 473 1568 ex
508 1523 669 1582 paucis
699 1521 916 1582 quidem,
966 1540 1086 1583 quae
1124 1521 1400 1584 supersunt,
1459 1521 1570 1570 reli-

140 1590 258 1649 quiis
297 1589 632 1650 integrioribus
684 1591 943 1636 coniectare
992 1590 1104 1636 licet
1148 1615 1209 1622 —
1255 1590 1567 1637 characterem

139 1657 204 1707 ita
234 1656 493 1711 finiuimus,
527 1670 580 1706 vt
608 1664 721 1705 non‘
739 1658 866 1717 epica
894 1659 1107 1706 oratione
1145 1674 1196 1706 ac
1231 1670 1383 1705 metro
1414 1656 1568 1704 solum

1443 1740 1570 1772 com..

211 1844 261 1894 b>
285 1848 342 1879 Vs.
362 1854 432 1889 259
447 1854 560 1891 ·273,
585 1845 644 1892 qui
668 1845 846 1879 duiciffimi
868 1845 910 1879 de
937 1845 1106 1891 Nymphis
1130 1844 1240 1890 mythi
1272 1847 1367 1881 locus
1395 1843 1481 1881 ciassl
1514 1844 1574 1879 ha-

292 1906 446 1947 bendus,
479 1906 589 1940 noiim
615 1917 733 1941 tamen
765 1908 834 1953 huc
868 1902 1086 1950 iuunigraffe.
1143 1906 1317 1940 Lacinium
1349 1906 1438 1939 hane
1476 1904 1580 1943 enim‘

295 1979 337 2002 ex
361 1968 427 2002 alio
451 1967 602 2001 carmine
627 1978 646 2001 e
670 1968 824 2013 margine
848 1966 884 2000 in
910 1974 1047 1999 textum
1073 1964 1246 2010 irrepfiffe,
1279 1963 1377 1999 facile
1401 1963 1576 2011 agnoscas,

293 2031 335 2065 Et
359 2029 396 2062 in
431 2027 650 2074 sequentibus
687 2026 856 2062 nonnulla
888 2026 1025 2061 turbata
1058 2026 1156 2069 sunt,
1203 2024 1244 2058 de
1276 2022 1402 2070 quibus
1435 2024 1577 2061 monuit

296 2088 368 2121 iam
399 2089 561 2125 Ernestius
596 2088 638 2123 ad
669 2101 715 2122 vs.
740 2096 829 2135 279,
865 2098 970 2134 quern
993 2087 1084 2125 vide,
1113 2104 1161 2114 -·-
1218 2086 1276 2120 Ad
1309 2085 1383 2120 loca
1408 2085 1576 2130 praeclara

292 2150 395 2184 huius
419 2150 597 2190 carminis,
632 2160 864 2197 quamquam,
900 2148 956 2183 vbi
980 2151 1094 2185 omnia
1131 2147 1262 2188 nitent,
1299 2145 1380 2192 quid
1414 2145 1575 2191 pulcrius,

293 2210 442 2245 indicare
463 2209 599 2248 difficile
619 2207 676 2250 sit,
712 2209 855 2244 referam
878 2210 1019 2244 Veneris
1055 2223 1075 2245 a
1107 2210 1230 2245 Gratiis
1263 2216 1422 2252 exceptae
1454 2216 1489 2240 et
1523 2218 1576 2241 or-

292 2280 394 2305 natae
417 2270 678 2317 descriptionem
706 2283 736 2304 v.
761 2263 892 2314 58-6‘5,
921 2269 996 2304 con.
1032 2282 1062 2304 v.
1085 2272 1225 2315 86-903
1260 2266 1398 2314 pudoris
1430 2267 1575 2314 virginei

295 2328 388 2377 figna
408 2328 558 2368 suauiter
579 2331 782 2377 adumbrata
805 2342 834 2363 v.
862 2326 931 2372 156
965 2327 1041 2373 (vbi
1067 2327 1107 2362 cf.
1135 2328 1278 2362 fimiiem
1311 2328 1376 2361 loc.
1402 2326 1439 2361 in
1461 2328 1578 2361 Theo-

298 2388 421 2429 crinis,
446 2388 503 2425 sed
526 2393 637 2427 nostro
663 2393 775 2427 multo
810 2386 1017 2430 inferiorem,
1043 2389 1091 2424 Id.
1108 2390 1254 2427 XXVII,
1274 2386 1331 2433 65·-
1357 2385 1438 2424 add,
1459 2384 1575 2433 Apou.

296 2450 365 2486 Rh.
386 2452 411 2489 Ι,
423 2451 516 2496 790)
528 2464 540 2492 ;
562 2465 661 2498 porro
687 2450 881 2489 senescentis
894 2449 1040 2484 Tithoni
1064 2450 1253 2495 imaginem
1277 2463 1308 2485 v.
1332 2453 1415 2492 228.
1434 2459 1499 2496 293
1521 2450 1578 2483 de-

296 2510 400 2555 nique
426 2511 579 2557 imperii,
604 2515 698 2560 quod
737 2516 772 2548 in
795 2517 885 2548 Deos
910 2521 1104 2546 exercuerat
1138 2515 1274 2552 Venus,
1310 2511 1577 2547 ostentationem

298 2584 328 2609 v.
351 2580 429 2616 251.
459 2584 562 2618 quam
587 2575 702 2619 pulcre
727 2573 850 2620 excipit
874 2571 965 2614 faeti,
1000 2585 1021 2611 a
1046 2573 1137 2608 bona
1159 2576 1232 2611 Dea
1255 2572 1435 2613 commiffi.
1458 2570 1575 2619 poeui-

301 2634 418 2670 teutia.
453 2645 484 2668 v.
505 2642 575 2679 252.
592 2632 661 2679 sqq.
