1804 3028
770 157 902 169 “²“
1405 152 1544 201 *47

273 241 408 300 Qae
471 240 731 302 sequuntur
778 240 1082 301 Hymnorum
1121 243 1385 290 aliorumue
1434 260 1544 304 poe-

122 309 371 357 matiorum
427 307 686 370 fragmenta
706 343 720 363 ‚
792 308 850 356 de
898 309 955 355 iis
1011 305 1264 358 secundum
1327 310 1543 360 ordinem

123 389 231 425 ante
273 374 535 438 expositum
567 379 726 438 agam,
780 376 991 438 adeoque

270 501 306 547 I.
377 499 582 547 Primum
620 500 677 547 de
713 499 785 547 his
821 499 993 555 dicam,
1036 513 1157 561 quae
1193 516 1253 547 ex
1289 493 1405 561 epiiis
1446 523 1547 553 car..

117 567 341 622 111111111113,
385 569 464 615 vel
502 569 723 627 prooemiis
746 562 904 616 ,ἕπεο-ιν
953 584 979 615 a
1013 565 1543 631 Rhapsodis--praemitti

115 636 278 690 solitis,
300 636 604 697 Hymnorum
631 635 929 698 anthologiae
959 634 1132 684 inserta
1142 636 1244 694 effe,
1281 641 1544 689 coniecftura

118 720 333 765 auguror.
541 722 543 724 ’

530 820 567 858 1.
640 807 725 859 ΙΧ.
762 813 834 865 Etr
869 790 1131 877 Αφροδιτην.

75 970 80 975 ,
271 916 431 969 Trinis
462 918 667 978 verfibus
701 921 904 968 Veneris
945 920 1213 981 pulcritudo
1250 936 1302 967 ac
1333 933 1544 977 munera,

121 988 288 1050 quibus
324 1004 378 1034 ea
404 985 512 1035 beat
532 988 767 1042 mortales,
799 988 1110 1035 celebrantur.
1182 987 1390 1035 Alteram
1420 993 1565 1038 tertii·

119 1053 283 1102 versus
318 1067 521 1115 partem:
572 1050 655 1100 καὶ
675 1053 741 1113 ἱἰεφ
778 1050 992 1117 ἱμερτὸν
1005 1052 1121 1119 φέρει
1165 1051 1338 1111 ἄνθος,
1396 1073 1543 1118 aeque

122 1139 175 1168 ac
204 1121 411 1182 reliquos
442 1134 536 1167 tres
570 1115 741 1181 epilogi
775 1121 950 1175 versus,
982 1120 1109 1168 haud
1133 1122 1274 1169 dubie
1309 1125 1544 1177 Graeculo

122 1180 371 1241 debemus,
406 1189 487 1249 qui
513 1188 675 1234 florem
708 1187 836 1234 hunc
878 1186 1028 1236 nescio
1065 1191 1142 1234 cui
1179 1188 1461 1252 sublegens,
1493 1194 1545 1240 111

118 1254 289 1318 hymni
312 1254 511 1302 formam
542 1255 786 1316 redegerit.
838 1256 935 1303 Vix
961 1257 1089 1302 enim
1112 1257 1168 1303 ab
1188 1259 1384 1318 antiquo
1405 1274 1545 1319 poeta

122 1319 299 1386 ἱμερτῷ
328 1319 577 1385 προσώπῳ
606 1335 654 1368 et
683 1318 868 1386 ἱμερτον
908 1318 1054 1377 ανθος
1091 1336 1186 1370 tam
1225 1324 1361 1371 breui
1395 1328 1541 1374 inter

120 1390 249 1438 vallo
281 1389 353 1437 bis
388 1391 637 1450 repetitum
675 1387 819 1442 effet;
860 1403 915 1437 vt
948 1403 1151 1444 taceam,
1206 1408 1369 1440 vocem
1393 1388 1542 1449 ἄνθ-ος

116 1458 345 1506 translato
355 1455 487 1503 sensu
498 1458 554 1503 ab
565 1432 909 1516 antiquioribus
923 1460 1069 1517 poetis
1083 1475 1186 1504 raro
1201 1473 1283 1505 aut
1294 1476 1541 1523 nunquam

120 1524 343 1577 adhiberi,
371 1522 458 1570 nifi
474 1523 648 1577 addito,
673 1523 731 1569 ad
744 1522 869 1584 quod
893 1522 1137 1578 referatur,
1169 1526 1416 1585 vocabulo,
1442 1546 1486 1575 v.
1503 1547 1542 1576 c.

122 1586 272 1645 &Soc
294 1586 404 1648 κβης
425 1593 565 1639 Hom.
592 1592 646 1637 ΙΙ.
670 1608 688 1636 ν
689 1585 824 1653 ’.484
841 1590 985 1650 Hym.
1001 1593 1051 1636 in
1065 1593 1210 1638 Merc.
1228 1606 1337 1653 375
1349 1593 1459 1642 Hes
1464 1597 1539 1643 od

121 1666 180 1709 Θ.
210 1667 320 1721 988
356 1659 667 1720 Tyrtaeusl‚
695 1666 771 1713 28.
820 1655 1033 1719 Theogn.
1078 1676 1122 1705 v.
1157 1674 1298 1708 1001.
1386 1665 1426 1710 A
1470 1662 1541 1710 se-

121 1727 364 1789 quioribus
383 1726 571 1773 demum
598 1723 807 1772 absolute
831 1726 941 1785 poni
970 1724 1201 1773 obserues.
1219 1745 1264 1775 v.
1283 1745 1321 1775 c.
1336 1729 1536 1778 Theocr.

122 1795 233 1850 VII,
262 1809 369 1843 121.
395 1791 451 1840 τό
480 1810 552 1840 τοι
571 1790 716 1840 Ξιαλόν
740 1787 889 1846 ἄνθος
908 1790 1118 1859 ἀπορρεῖ.
1133 1819 1196 1826 —-
1219 1793 1358 1862 Acopa.
1381 1795 1540 1863 Ἀφρο-

120 1856 289 1916 δέτι-ης,
326 1864 523 1922 quorum
564 1862 777 1907 meminit
830 1874 994 1920 poeta,
1065 1874 1178 1908 nota
1211 1861 1322 1910 sunt
1358 1866 1437 1911 vel
1479 1883 1539 1912 ex

124 1928 266 1977 Hom.
303 1929 359 1976 11.
392 1943 429 1990 ‘y
476 1942 550 1991 54.
580 1931 658 1990 64.
714 1924 816 1974 add.
853 1925 1040 1974 Hefiod.
1080 1930 1200 1976 Scut.
1233 1944 1314 1993 47.
1380 1933 1534 1994 Orph

120 1999 331 2045 Prooem.
370 1997 514 2058 Hym.
543 2012 614 2044 11.
687 1997 744 2042 In
769 1995 979 2056 epilogo,
1015 2013 1111 2057 quo
1137 1996 1258 2045 forte
1281 1999 1538 2048 dostrinam

120 2064 350 2123 ostentare
393 2064 548 2111 voluit
581 2062 733 2110 bonus
769 2064 1139 2117 Grammaticus,
1204 2065 1379 2111 Salamis
1405 2067 1541 2129 Cypri

117 2119 454 2194 intelligenda,
520 2131 644 2193 quod
687 2134 845 2178 austor
878 2128 974 2191 ipse
998 2130 1178 2194 frigido
1220 2135 1538 2183 additamento

122 2216 200 2247 ma
227 2198 387 2253 παίσῃς
427 2195 614 2264 Κύπρου
664 2201 862 2244 innuere
903 2198 1105 2246 videtur.
1186 2202 1362 2248 Vrbem
1417 2203 1540 2250 hanc

123 2285 149 2315 a
183 2266 369 2314 Teucro
403 2267 676 2315 Telamonis
710 2267 836 2320 filio,
876 2281 901 2312 e
932 2269 1081 2328 patria
1108 2268 1355 2317 Salaminia
1387 2270 1539 2333 pulso,

118 2339 170 2384 in
195 2336 340 2396 Cypri
367 2333 520 2382 insula
550 2335 782 2383 conditam
816 2332 917 2388 effe,
958 2335 1134 2383 constat
1161 2353 1220 2383 ex
1249 2338 1409 2400 Eurip.
1443 2341 1542 2388 He-

115 2405 212 2452 len.
259 2417 352 2466 144
374 2400 468 2463 sqq.
507 2404 669 2452 Strabo
692 2403 826 2456 XIV,
854 2418 896 2463 p.
928 2406 1041 2459 632.
1076 2402 1267 2451 Casaub.
1308 2406 1475 2456 Horat.
1503 2411 1540 2463 I,

120 2472 216 2519 Od.
243 2485 288 2531 7.
342 2468 396 2517 cf.
426 2469 500 2516 Ill.
530 2473 701 2531 Heyne
736 2470 792 2515 ad
817 2471 987 2531 Virgil.
1010 2472 1066 2517 T.
1087 2471 1151 2524 ΙΙ,
1183 2489 1227 2533 p.
1258 2488 1365 2535 133.
1449 2477 1537 2524 Sed

116 2549 267 2587 totum
293 2537 419 2588 hunc
450 2552 659 2600 pannum
689 2538 900 2600 inprimis
932 2535 1189 2600 suspectum
1217 2538 1328 2592 facit
1369 2557 1537 2604 magna

1377 2610 1536 2659 leffiu-
