1804 3028
1528 140 1564 191 7

144 233 297 280 Primo
316 234 518 295 quaestio
554 233 666 281 haec
698 234 836 281 modo
857 232 1097 296 propofita,
1112 234 1373 282 videndum
1394 232 1471 287 est,
1496 250 1557 281 ne

143 316 250 347 cum
274 301 364 349 alia
383 299 566 362 prorsus
584 301 787 355 diuersa,
836 318 996 349 annon
1033 303 1316 356 Homerum,
1382 313 1558 348 cetero-
1629 296 1637 303 ’

140 383 248 417 rum
274 382 376 417 tum
401 366 508 415 suae
525 381 626 416 tum
654 370 925 431 antiquioris
946 370 1108 421 aetatis
1126 368 1264 416 instar
1293 382 1556 432 poetarum,

138 434 340 496 hymnos
366 435 539 491 feciffe,
601 450 938 499 conceptosque
968 438 1151 498 publice
1175 438 1367 485 cantasse
1402 434 1561 485 verisi-

135 505 247 550 mile
269 501 350 558 fit,
385 503 712 555 confundatur.
746 509 748 511 ’
783 506 886 552 Hoc
910 508 1036 553 enim
1058 519 1112 551 vt
1133 517 1289 566 neget,
1314 521 1450 551 nemo
1474 502 1558 551 fibi

134 569 310 626 sumat,
344 572 518 621 etiamsi
542 573 769 634 hymnos,
806 576 887 635 qui
904 590 1032 621 nunc
1064 572 1148 620 sub
1184 574 1381 620 Homeri
1407 575 1558 619 nomi-

136 654 197 685 ne
232 639 435 694 exstant,
473 644 515 688 ei
547 642 880 689 abiudicauerit
913 639 1000 699 m).
1074 642 1195 688 Cum
1217 657 1382 703 porro,
1416 638 1448 687 fi
1477 640 1556 688 vel

133 709 333 754 maxime
365 710 625 757 Homerum
662 712 897 757 auctorem
930 708 1215 771 hymnorum
1249 706 1554 771 agnoscimus,

132 787 292 821 tamen
311 775 397 821 illo
422 774 615 823 seriores
642 777 792 824 multo
827 777 985 824 vixiffe
1001 812 1014 830 ,
1048 778 1130 838 qui
1152 793 1232 823 eos
1257 790 1362 824 tum
1405 777 1555 823 literis

134 841 487 905 consignarent,
523 859 626 892 tum
651 848 702 892 in
727 844 846 902 hoc,
881 845 1009 908 quod
1029 843 1289 899 versamus,
1327 845 1557 892 volumen

132 911 434 978 colligerent,
468 914 786 962 confitendum
823 912 899 967 fit;
944 930 1167 975 cumque,
1214 930 1353 975 quam
1394 915 1558 960 incon-

129 977 252 1027 sulto
281 996 333 1027 ac
367 993 544 1029 temere
589 981 679 1030 hoc
709 983 987 1044 plerumque
1031 979 1205 1030 saelum
1245 981 1322 1037 fit,
1393 981 1555 1030 multis

126 1046 318 1095 aliunde
349 1049 526 1096 constet
561 1051 809 1110 exemplis:
882 1050 986 1097 satis
1009 1052 1123 1098 inde·
1149 1063 1306 1112 patere
1338 1052 1552 1104 arbitror,

125 1116 178 1162 in
226 1126 327 1163 tota
371 1116 456 1163 hac
490 1117 756 1177 quaestione
795 1118 865 1164 nil
899 1117 1080 1177 vniuerfi
1122 1131 1231 1165 tuto
1246 1120 1555 1178 pronuntian-

125 1183 238 1230 dum
260 1182 360 1231 effe.
460 1184 652 1232 Accedit
700 1185 825 1247 quod
866 1187 989 1234 inter
1034 1194 1217 1244 quatuor
1275 1201 1322 1232 et
1368 1186 1554 1245 triginta

125 1253 328 1298 carmina
360 1276 423 1284 —-
456 1264 528 1309 tot
549 1254 675 1299 enim
701 1254 755 1299 in
770 1253 1016 1300 volumine
1034 1251 1122 1300 hoc
1146 1269 1271 1299 nunc
1307 1253 1554 1300 continen-

124 1329 202 1366 tu'r
243 1343 306 1350 —
356 1320 436 1364 vix
467 1321 632 1380 quinta
667 1337 770 1379 pars
796 1338 878 1379 pro
906 1322 1099 1380 integris
1149 1318 1390 1372 habenda,
1439 1319 1549 1366 reli-

123 1402 217 1447 qua
246 1388 404 1435 omnia
429 1401 478 1433 et
504 1385 744 1434 manifeste
789 1388 988 1434 aliorum
1007 1390 1265 1433 carminum
1280 1386 1549 1447 ¹fragmenta

122 1453 256 1508 sunt,
294 1466 341 1502 et
362 1456 485 1502 inter
510 1454 625 1501 haec
648 1471 746 1502 non
770 1471 912 1516 pauca
939 1457 1073 1502 trinis
1091 1489 1103 1508 ,
1128 1467 1208 1502 aut
1233 1455 1358 1515 quod
1385 1471 1549 1502 excur-

122 1524 202 1576 rit,
238 1520 461 1576 verfibus,
497 1524 722 1583 poematii
747 1523 973 1584 deperditi
998 1525 1189 1569 initium
1217 1524 1371 1576 modo,
1408 1523 1548 1570 modo

121 1590 267 1637 finem
297 1588 533 1643 referunt,
600 1589 715 1637 adeo
748 1603 802 1637 vt
834 1589 1002 1636 horum
1020 1593 1179 1645 auc'ior
1195 1591 1448 1643 Homerus,
1485 1608 1547 1638 an

120 1657 240 1703 alius
265 1658 603 1717 qualiscunque
629 1670 768 1718 poeta
786 1655 953 1710 fuerit,
1009 1655 1123 1703 scire
1149 1674 1313 1717 parum
1346 1656 1540 1704 interfit.

118 1724 261 1771 Redit
282 1726 422 1785 igitur
448 1726 600 1771 omnis
626 1724 872 1786 disputatio
900 1724 957 1770 ad
982 1726 1236 1784 integriora
1268 1724 1349 1770 illa
1380 1728 1543 1771 carmi-

120 1807 209 1846 na,
248 1808 444 1839 numero
469 1792 717 1839 admodum
742 1808 901 1853 pauca.
974 1793 1031 1838 In
1052 1808 1145 1852 quo
1177 1790 1210 1838 fi
1245 1791 1301 1837 de
1336 1794 1541 1839 cuiusuis

114 1862 303 1907 auctore
337 1862 452 1907 certi
483 1860 594 1921 quid
628 1860 826 1909 statuere
876 1860 1099 1915 velimus,
1175 1859 1325 1918 duplici
1355 1863 1539 1907 ratione

114 1944 189 1974 res
220 1928 383 1975 confici
413 1930 594 1986 poterit.
697 1929 823 1976 Nam
856 1935 930 1970 aut
962 1926 1235 1988 inspiciendi
1269 1927 1379 1973 sunt
1410 1941 1539 1974 vete-

112 2011 220 2041 rum
246 1992 521 2055 scriptorum
538 1995 660 2048 libri,
689 1996 834 2055 inque
867 1993 938 2042 his
986 2011 1041 2042 ea
1064 1994 1192 2048 loca,
1257 1995 1308 2041 in
1365 1994 1535 2055 quibus

112 2060 281 2122 hymni
317 2062 537 2117 alicuius,
575 2062 731 2112 addito
761 2063 960 2112 auctoris
985 2064 1190 2116 nomine,
1218 2064 1532 2116 meminerint,

109 2129 368 2189 diligenter
397 2131 701 2177 excutienda:
769 2138 845 2173 aut
885 2130 1253 2184 attendendum,
1328 2147 1443 2177 num
1475 2149 1534 2177 ex

111 2198 362 2251 orationis,
400 2215 492 2258 qua
516 2200 665 2245 vtitur
688 2196 1099 2258 hymnographus,
1133 2200 1411 2259 proprietate
1464 2214 1532 2246 at-

109 2280 203 2325 que
226 2264 382 2325 colore
404 2265 508 2312 elici
543 2264 652 2325 quid
688 2263 848 2325 poffit‚
881 2281 979 2325 quo
996 2264 1094 2313 siue
1111 2265 1398 2318 Homerum,
1432 2263 1527 2313 fiue

108 2332 254 2381 alium
293 2332 490 2392 prodere
532 2331 578 2380 se
613 2335 846 2380 auc‘torem
879 2333 1142 2393 probemus.
1244 2332 1315 2379 Ab
1351 2331 1441 2378 hoc
1475 2349 1528 2380 vt

844 2403 884 2446 A
931 2417 966 2463 4
1338 2402 1524 2448 initium

171 2517 237 2567 m)
261 2521 337 2554 Imo
357 2522 552 2555 Homerum
572 2521 721 2565 hymnos·
734 2530 809 2554 vere
836 2521 1038 2562 condidisse,
1084 2532 1125 2556 eo
1150 2520 1272 2557 confici
1296 2520 1393 2560 licet,
1431 2521 1525 2568 quod

250 2579 353 2617 veteri
371 2591 490 2628 poetae
512 2580 635 2618 dicitur
653 2585 786 2625 κοίρανος
814 2580 908 2622 ὕμνων
936 2593 988 2630 ap.
1007 2581 1149 2618 suidam
1165 2594 1195 2618 v.
1217 2585 1383 2619 Μιιονὶδης.
