1804 3028
269 116 335 180 64
918 132 1049 148 ---

267 220 354 272 effe
387 219 567 267 seruata
611 214 688 274 a),
729 221 779 264 in
806 235 932 279 quo,
978 219 1089 266 dum
1131 219 1187 265 ad
1228 219 1409 282 Bacchi„
1431 238 1456 269 e
1489 222 1608 284 Joue
1640 237 1692 270 ac

266 289 447 341 Semele
477 288 595 340 orti,
641 287 818 333 natales
856 300 1123 347 perrexerat
1154 301 1315 349 poeta,
1362 287 1521 337 fabula
1558 288 1688 344 haec,

266 357 438 421 quippe
461 356 519 401 ad
539 356 829 415 impuberem
854 354 1010 402 Liberi
1035 358 1177 416 patris
1202 368 1402 402 aetatem
1431 360 1688 420 pertinens,

266 426 484 474 carminis
506 424 592 471 filo
616 421 786 469 inserta
818 437 930 471 erat.
1003 422 1054 471 Id
1089 423 1213 484 quod
1248 423 1464 471 hocloco
1493 426 1571 471 vel
1598 423 1695 487 ipsa

265 494 433 555 hymni
454 491 752 551 inscriptione
783 489 958 538 firmari
979 491 1189 544 videtur,
1223 505 1341 553 quae
1366 505 1450 539 cur
1474 507 1500 538 a
1522 496 1689 540 ceteris

260 564 314 610 in
346 561 649 623 Hymnorum
691 557 846 605 fronte
871 560 1059 613 obuiis,
1094 559 1234 620 plane
1271 557 1453 607 diuersa
1487 559 1566 615 fit,
1606 563 1690 608 vix

264 631 355 677 alia
400 640 606 675 mentem
640 624 762 673 subit
795 626 942 681 ratio,
988 625 1067 673 nifi
1103 627 1228 688 quod
1264 641 1371 674 cum
1420 628 1559 675 titulo
1600 625 1688 675 hoc

263 698 579 757 fragmentum
614 693 762 755 ipsum
798 708 856 740 ex
898 695 1056 742 codice
1099 693 1329 756 quodam,
1381 697 1457 742 cui
1502 695 1690 744 allitum

261 778 362 813 erat
387 798 399 818 ,
437 761 737 823 descriptum,
772 765 916 823 inque
934 759 1221 823 hymnorum
1246 761 1566 825 anthologiam
1579 780 1688 812 con.

263 835 415 881 ditum
454 831 568 885 fuit,
616 844 836 878 manente
872 826 1203 886 nihilominus,
1249 831 1369 879 forte
1396 844 1477 892 per
1510 831 1691 879 librarii

259 899 514 950 socordiam
540 913 621 947 aut
651 897 880 947 inscitiam
900 935 913 953 ‚
950 900 1089 947 titulo
1111 901 1313 961 Hymnis
1336 900 1503 947 alieno.
1578 901 1689 947 Car·

258 970 400 1017 minis
433 981 548 1014 vero
588 967 958 1027 pulcritudinem
998 969 1243 1028 praecipue
1281 970 1333 1013 in
1373 964 1561 1014 sublimi
1602 967 1687 1014 illa

258 1033 579 1100 prodigiorum
624 1031 929 1094 descriptione
976 1050 1019 1080 v.
1064 1047 1119 1094 35
1159 1060 1217 1067 ·—-
1259 1047 1338 1098 42.
1398 1050 1466 1099 44
1494 1057 1556 1068 ——-
1600 1047 1684 1098 47.

258 1108 457 1167 quisque
479 1117 566 1150 nec
600 1115 675 1150 me
715 1115 937 1150 monente
967 1099 1137 1150 sentiet
1171 1098 1232 1160 h).

384 1205 394 1216 Ἃ
409 1238 455 1270 2.
493 1217 676 1283 XVIII.
727 1216 912 1281 Hymni
947 1222 1039 1273 Εις
1078 1221 1238 1266 Ham
1276 1220 1404 1282 prior
1427 1234 1533 1291 pars

798 1318 843 1351 v.
894 1318 911 1353 1
953 1327 1015 1340 -2-
1059 1319 1137 1368 27.

404 1393 479 1441 De
512 1387 680 1453 hymni
715 1388 803 1439 hoc
834 1388 1096 1454 fragmento
1127 1395 1243 1451 (vix
1273 1393 1400 1441 enim
1445 1394 1683 1455 integrum

255 1460 513 1520 tenemus)
549 1460 682 1514 vide,
719 1477 840 1520 quae
866 1459 1002 1522 supra
1028 1462 1258 1523 disputata
1276 1458 1385 1509 sunt
1420 1478 1462 1524 p.
1505 1477 1578 1523 50.

603 1576 646 1623 3.
681 1559 817 1608 XXI.
865 1567 957 1618 Εις
986 1555 1343 1616 Ποσειδωνοι.

402 1651 619 1709 Neptuni
656 1648 834 1701 laude3‚
871 1662 973 1703 tum
1009 1668 1034 1695 a
1070 1651 1359 1707 muneribus,
1392 1668 1494 1700 tum
1517 1672 1541 1701 a
1565 1656 1677 1703 locis

251 1718 332 1783 ipsi
356 1713 492 1766 sacris
511 1718 697 1779 petitae,
716 1716 920 1765 breuiter
939 1717 1014 1766 hic
1036 1716 1309 1768 efferuntur.
1383 1723 1444 1771 At
1459 1720 1678 1785 quorsum

250 1788 451 1836 referam
482 1800 697 1837 carmen,
739 1801 836 1830 non
869 1788 1030 1846 liquet.
1110 1790 1206 1835 Aut
1244 1804 1348 1835 eum
1377 1791 1478 1837 aliis
1519 1793 1675 1839 multis

250 1857 371 1919 epici
392 1854 636 1906 carminis,
670 1864 751 1899 aut
773 1855 1037 1915 integrioris
1061 1851 1226 1916 hymni
1250 1854 1562 1919 fragmentum
1599 1860 1678 1907 ha-

248 1923 386 1979 beas,
434 1933 515 1969 aut
542 1934 708 1983 poetae
741 1922 981 1973 cuiusdam
1010 1922 1142 1984 lusiam
1174 1924 1260 1972 else
1291 1939 1441 1988 putes.
1512 1929 1676 1976 Extre-

251 2009 379 2054 mum
401 1990 488 2039 hoc
512 1989 627 2038 mihi
648 1991 835 2052 quidem
861 1988 1263 2041 verisimillimum.
1336 1997 1471 2053 Qae
1497 1993 1554 2043 de
1580 1999 1674 2059 epi-

846 2080 849 2084 ·
1532 2065 1675 2113 thetis

316 2164 364 2213 a)
387 2164 459 2199 Nec
480 2174 667 2209 repugnem
688 2162 711 2198 fi
733 2175 869 2200 carmen
889 2165 1003 2212 potius
1023 2166 1061 2202 iis
1082 2167 1191 2215 poetis
1215 2167 1334 2203 debere
1358 2180 1419 2204 nos
1450 2171 1674 2212 contenderis,

399 2224 458 2268 qui
486 2224 608 2257 Bacchi
634 2225 789 2258 Thebani
818 2224 950 2260 fabulas
980 2234 1079 2261 ’ἔπεσιν
1111 2239 1207 2263 erant
1234 2228 1407 2274 persecuti.
1458 2232 1548 2265 Inter
1577 2245 1674 2278 quos,

395 2294 527 2331 praeter
545 2284 707 2330 cyclicus,
733 2286 890 2322 laudatur
910 2299 938 2321 v.
959 2299 986 2321 c.
1008 2290 1152 2323 Eumelus
1169 2291 1374 2333 Corinthius,
1395 2303 1496 2339 poeta
1515 2293 1675 2340 antiquis-

396 2343 498 2380 fimus
517 2350 545 2378 ἐν
568 2354 604 2383 τῆ
625 2349 759 2388 Edetania!
779 2361 806 2382 v.
832 2349 940 2383 Schol.
963 2349 1003 2383 ad
1022 2350 1056 2383 ΙΙ.
1076 2345 1102 2391 ξ’
1131 2360 1205 2395 130,
1229 2362 1428 2398 quanquam
1448 2364 1482 2387 et
1503 2354 1558 2387 hic
1577 2353 1673 2399 cycli·

394 2407 440 2441 cis
463 2408 506 2441 ab
525 2405 597 2441 aliis
624 2418 877 2443 annumeratur.

316 2493 362 2541 b>
389 2492 457 2539 Ipse
479 2505 730 2541 nonnunquam
752 2499 932 2533 verborum
950 2499 1032 2533 ordo
1049 2511 1087 2534 ac
1104 2502 1263 2535 struetura
1279 2498 1390 2533 nescio
1418 2494 1499 2542 quid
1522 2495 1597 2531 miri
1622 2499 1673 2532 in·

395 2551 460 2586 fert
483 2567 511 2587 v.
532 2566 559 2592 c,
592 2568 619 2589 v.
642 2567 696 2601 39.
728 2560 838 2591 aia-fua
867 2553 891 2591 δ’
920 2561 1083 2603 ἀκρότατον
1115 2566 1197 2606 παρὰ
1229 2567 1302 2594 {clav
1332 2560 1504 2599 ἐξετανύσθη
1531 2550 1671 2599 [iuml-⁶6

398 2617 494 2647 ἔνθα
534 2623 600 2649 καὶ
646 2623 765 2658 ἔνθα,
804 2626 1044 2665 κατεκρημνῶντο
1073 2624 1102 2653 δὲ
1131 2628 1239 2655 πολλοὶ
1270 2623 1402 2662 Βότςυος.
