1804 3028
206 132 269 191 48

202 229 419 280 leffionis
464 230 692 283 varietas,
750 242 888 290 quam
927 227 1238 295 Ruhnkenius
1274 230 1336 278 V.
1379 231 1431 278 C.
1473 247 1498 279 e
1520 229 1619 283 cdd.

205 298 349 350 Mose.
408 298 635 345 enotauit.
724 296 796 345 Ibi
829 297 992 346 versus
1017 300 1082 345 ita
1107 297 1356 360 leguntur:

340 379 505 446 Χαῖρε,
560 378 808 445 μάκαιραι,
850 376 1061 455 Κυθήρης
1097 376 1358 443 ἐυκτιμένης
1400 366 1615 443 jadbeca

343 460 553 520 Εἷναλὶης
587 481 637 511 τε
673 458 864 528 Κύπρου
915 490 919 495 -
1043 487 1107 497 —-—
1260 487 1325 498 ..-
1479 488 1543 499 ...-

207 549 396 598 Scilicet
428 550 480 597 in
514 548 903 609 Fragmentorum
947 546 1118 596 horum
1159 544 1367 610 epilogis'
1399 548 1640 599 Gramma»-

206 618 429 672 'maticos‚
495 631 699 677 quorum
729 617 920 676 ingenio
945 632 1028 663 eos
1064 614 1162 662 fere
1202 631 1366 663 omnes
1400 615 1637 673 debemus,

206 685 423 733 variandi
465 696 577 750 puta
619 677 810 731 effusam
850 682 933 732 fibi
975 684 1213 731 licentiam
1247 682 1413 732 dedisse
1429 703 1444 739 ς
1500 684 1636 734 lectio

205 766 365 800 autem
399 753 539 800 valde
572 751 824 806 fluctuans,
860 752 1158 799 certiffimum
1183 751 1345 799 haberi
1378 751 1497 801 solet
1520 753 1638 801 indi-

194 822 355 877 cium,
422 819 579 883 spuria
623 818 781 867 adeffe.

405 932 407 935 ⁴
428 957 474 990 2.
545 942 683 990 XIV.
717 946 800 1009 ΙΞις>
822 945 1053 1009 ΗςμιικλειιιΑ
1072 939 1412 1003 Λεοντοθυμον.

356 1051 414 1100 In
446 1049 744 1100 breuiusculo
780 1051 871 1100 hoc
899 1050 1163 1114 fragmento
1190 1051 1483 1108 fabularum,
1516 1066 1634 1115 quae

202 1120 257 1169 in
290 1119 547 1168 Herculem
579 1118 867 1168 Thebanum
899 1121 1153 1169 translatae
1194 1118 1326 1176 sunt,
1378 1121 1514 1170 velut
1558 1136 1636 1183 cy-

204 1188 307 1236 clus
341 1188 531 1250 quidam
565 1191 848 1237 continetur.
954 1190 1123 1248 Incipit
1162 1190 1287 1235 enim
1336 1199 1477 1251 poeta
1519 1189 1631 1236 inde

202 1271 231 1302 a
264 1255 499 1303 natalibus
535 1254 714 1310 heroiS,
776 1256 929 1317 pergit
960 1254 1017 1303 ad
1051 1255 1235 1304 labores
1272 1268 1414 1317 atque
1443 1256 1632 1318 expedi-

202 1326 372 1377 tiones,
412 1323 470 1370 ab
505 1322 765 1383 Eurystheo
800 1322 881 1384 ipfi
925 1325 1185 1377 iniuiitftas,
1233 1322 1399 1371 definit
1439 1323 1631 1372 tandem

203 1407 392 1440 carmen
426 1391 647 1438 Herculis
668 1388 932 1452 apotheosi,
969 1404 1018 1438 et
1060 1390 1220 1451 Hebes
1250 1391 1466 1454 coniugio·
1506 1407 1630 1439 com-

201 1473 476 1509 memorato.
574 1460 806 1516 Quocirca
847 1457 1163 1520 fragmentum
1206 1457 1295 1506 hoc
1337 1474 1422 1521 pro
1460 1461 1629 1520 exogdio

202 1527 429 1577 Heraclea
479 1524 750 1580 habuerim,
827 1527 958 1574 cuius
1012 1528 1276 1589 argumenti
1322 1543 1374 1574 ac
1422 1529 1627 1577 nominis

198 1596 336 1660 plura
357 1598 409 1643 in
451 1596 729 1656 antiquitate
772 1596 979 1642 carmina
1016 1593 1147 1658 fuisse
1190 1610 1316 1643 nunc
1371 1595 1624 1657 deperdita,

197 1668 249 1713 in
274 1664 348 1712 his
377 1664 581 1710 maxime
611 1662 857 1710 nobilitat-a
891 1661 1100 1724 Panyasis
1128 1661 1345 1707 Halicarn.
1387 1675 1436 1712 et
1478 1662 1628 1723 Pisan-

198 1733 271 1778 dri
304 1729 551 1793 Camirmfis
580 1731 678 1790 p),
736 1732 838 1792 quis
874 1731 1102 1792 ignorat?
1163 1730 1268 1779 Nec
1311 1733 1466 1779 minus
1511 1746 1625 1780 nota

198 1800 266 1849 est
307 1797 597 1848 consuetudo
640 1799 779 1859 epicis
822 1801 972 1859 poetis
1015 1810 1226 1859 recepta,
1289 1799 1435 1847 breue
1479 1801 1624 1847 totius

199 1870 416 1919 carminis
460 1880 789 1929 argumentum
831 1867 883 1913 in
919 1867 1018 1914 eius
1061 1868 1300 1928 prooemio
1343 1865 1622 1929 exponendi.

198 1936 440 1998 Inscriptio
478 1950 587 1983 cum
630 1933 987 1996 epiphonemate
1028 1952 1088 1983 ne
1133 1951 1309 1983 moram
1365 1948 1447 1984 aut
1508 1935 1626 1983 iudi-

197 2004 337 2052 candi
367 2004 645 2066 religionem
679 2005 754 2051 cui
787 2005 1036 2052 iniicerent
1054 2037 1067 2059 ,
1123 2006 1217 2051 iam
1260 2003 1373 2051 alibi
1418 2020 1445 2051 a
1486 2003 1625 2053 nobis

197 2086 413 2122 curatum
447 2071 523 2120 est.

575 2188 618 2235 3.
689 2173 799 2222 XV.
857 2177 931 2227 Εις
962 2175 1247 2223 Ασκλκπιον.

343 2258 520 2309 Nobile
555 2256 660 2314 fuit,
694 2261 838 2321 inque
872 2257 1026 2322 priscis
1059 2258 1230 2307 fabulis
1259 2271 1307 2307 et
1341 2236 1619 2309 carminibus

197 2326 611 2377 decantatiffirnum
645 2343 1002 2390 argumentum,
1038 2331 1171 2376 cuius
1197 2327 1271 2375 hic
1298 2331 1457 2392 paucis
1491 2345 1620 2380 men-

1439 2412 1617 2448 nonem

267 2497 320 2546 p)
345 2497 386 2533 cf.
408 2498 527 2535 Suidas
546 2511 574 2533 v.
597 2501 782 2543 ηιίσκνδρος.
810 2500 933 2535 Fabric.
953 2501 989 2534 B.
1011 2500 1067 2535 Gr.
1085 2499 1106 2533 l.
1119 2502 1170 2541 11,
1195 2510 1223 2535 c.
1241 2501 1298 2535 XI.
1326 2511 1358 2546 p.
1377 2507 1457 2543 442.
1490 2497 1613 2537 Meurss

340 2554 452 2594 Rhod.
473 2563 525 2600 11,
559 2570 609 2596 11.
646 2562 696 2595 Ill.
718 2563 837 2606 Heyne
859 2563 900 2596 ad
919 2559 1038 2605 virgil.
1065 2563 1106 2594 T.
1130 2561 1179 2599 ΙΙ,
1210 2572 1242 2606 p.
1264 2569 1335 2602 232
1352 2558 1421 2605 sqq.
1448 2561 1487 2594 Τ.
1502 2562 1557 2602 Ν,
1580 2573 1614 2609 p.

341 2628 409 2667 ²35
421 2618 487 2667 sqq.
513 2621 593 2656 Not.
618 2620 659 2655 ad
676 2620 837 2668 Apollod.
866 2624 897 2656 P.
910 2624 934 2656 1.
957 2619 1079 2668 p-326.
1106 2623 1136 2656 P.
1150 2623 1213 2662 ΠΙ,
1243 2629 1367 2668 p.991.
1394 2622 1473 2668 996.
