1804 3028
224 122 288 176 42

223 217 421 269 dixerisss
456 216 531 270 cui
553 216 846 263 coniecturae
865 215 948 262 vel
969 214 1058 262 hoc
1074 213 1263 277 insuper
1295 214 1487 270 accedit,
1522 214 1648 280 quod

205 281 273 330 'dc
310 284 489 331 Tithono
510 284 573 329 ab
608 279 789 329 Aurora
819 289 944 342 rapto
965 280 1173 346 mythus,
1193 282 1372 346 hymno
1398 283 1554 332 nostro
1579 289 1650 335 in-

224 352 372 401 sertus
403 349 506 409 (vs.
534 348 855 413 218m238.)‚
887 351 945 397 ad
977 352 1159 414 Cyprias
1178 350 1342 408 fabulas
1374 350 1649 400 referendus

226 421 312 473 est,
345 418 726 482 quandoquidem
756 420 918 480 Cyprii
948 420 1005 467 ab
1045 417 1375 481 Aethiopibus,
1440 418 1497 466 ad
1531 427 1649 481 quos

222 488 430 535 fabulam
462 487 584 536 hanc
605 489 789 549 proprie
824 485 1026 547 spectare
1061 490 1110 534 in
1139 486 1457 543 confeffo³est,
1488 502 1491 506 '
1522 499 1650 535 ortos·

220 553 267 602 se
289 556 613 603 iactabantsv.
645 553 861 615 Apollod.
886 555 970 608 ΙΙΙ,
1001 570 1075 618 14,
1099 569 1140 614 3.
1169 555 1276 600 coll.
1300 556 1385 608 ΙΙΙ,
1416 552 1490 609 12,
1525 570 1571 618 4.
1602 566 1652 601 et

221 623 280 670 ad
333 640 443 671 eum
483 623 598 671 Not.
643 623 691 679 P.
730 624 788 678 ΙΙ,
851 640 895 685 p.
941 631 1051 679 821.
1089 620 1183 685 sqq.
1225 622 1331 670 coll.
1358 640 1402 685 p.
1430 636 1544 685 755.
1573 625 1650 685 56.

226 692 545 750 Quamobrem
575 689 751 739 fihanc
779 694 969 753 quoque
1005 691 1213 739 fabulam
1241 690 1297 738 ad
1328 693 1541 736 anteriora
1574 692 1653 740 Ili.

222 759 321 806 adis
356 758 621 820 pertinuiffe
652 760 945 814 memineris,
1015 758 1291 822 (Tithonus
1309 761 1436 807 enim
1458 761 1652 809 Laome-

227 827 384 874 dontis
405 828 549 880 filius,
581 828 752 874 Priami
773 826 932 880 frater,
980 826 1291 887 perhibetur)
1321 844 1424 874 eam
1446 843 1554 887 prae
1581 844 1654 874 ce-

224 896 336 941 teris
377 911 404 940 a
436 893 615 942 Stafino
640 895 815 956 Cyprio
851 896 1045 942 carmini
1108 896 1339 941 intextam
1400 893 1515 949 effe,
1570 896 1652 943 vix

227 962 553 1008 dubitandum.
626 963 661 1009 F
663 979 716 1009 ac
736 964 877 1022 igitur
888 961 1301 1022 hymnographum
1320 964 1533 1008 >encomii
1552 978 1652 1008 ma-

221 1030 412 1083 teriem,
446 1031 660 1090 quamuis
683 1030 740 1075 ad
762 1030 978 1076 carminis
1011 1026 1083 1076 sui
1104 1042 1357 1083 naturam,
1418 1030 1653 1078 rationem

223 1111 365 1158 atque
391 1095 636 1144 confilium
666 1109 1041 1158 attemperatam‚
1074 1114 1100 1142 a
1123 1095 1288 1145 Stafini
1312 1098 1497 1158 Cypriis
1518 1092 1653 1143 ’ἔπεσι

223 1163 478 1217 mutuaffe3
549 1181 635 1215 nec
733 1164 1003 1217 miraberis,
1081 1181 1164 1211 cur
1198 1164 1320 1211 illud
1354 1166 1519 1211 ceteris
1551 1172 1654 1212 tan-

221 1245 384 1293 topere
433 1232 657 1294 praestet,
750 1247 803 1279 vt
862 1226 1210 1294 ὁμηρικώτατον
1269 1233 1373 1278 iure
1430 1233 1655 1293 appellari

220 1299 401 1346 debeat.
507 1300 678 1360 Cypria
702 1301 828 1345 enim
861 1300 1082 1348 Carmina
1114 1300 1474 1346 Homericorum
1507 1302 1655 1347 virtu-

220 1380 347 1413 tutes
371 1382 519 1428 paene
556 1365 849 1427 adaequaffe,
915 1383 973 1413 ex
1022 1368 1258 1414 communi
1298 1368 1388 1412 iam
1422 1367 1656 1414 Herodoti

223 1447 376 1480 aetate
410 1432 784 1481 increbrescente
822 1435 1070 1493 opinione,
1141 1450 1195 1480 ea
1234 1435 1431 1481 Homeri
1466 1447 1655 1494 partum

225 1499 314 1548 effe
334 1536 346 1555 ‚
382 1501 579 1562 colligo,
616 1502 692 1547 cui
712 1500 984 1548 Herodotus
1007 1500 1192 1561 quidem
1216 1512 1467 1562 repugnat,
1501 1502 1570 1558 (1,
1591 1503 1653 1556 ΙΙ,

227 1586 264 1614 c.
299 1585 316 1615 1
332 1565 449 1628 17.),
478 1566 874 1615 sedsolummodo
896 1580 1187 1615 narratatum
1207 1583 1383 1622 rerum,
1406 1568 1464 1615 ab
1474 1570 1652 1619 Home-

222 1637 331 1685 ricis
373 1634 570 1689 fabulis,
612 1633 875 1682 diuersitate
914 1635 1094 1685 ductus..

372 1770 548 1824 Restat,
578 1781 633 1817 vt
665 1769 722 1817 de
746 1769 914 1831 hymni
936 1769 1230 1832 dispositione
1255 1772 1490 1819 nonnul-la
1512 1770 1653 1819 subii.

221 1842 351 1887 ciam.
426 1838 630 1886 Orditur
659 1851 796 1897 poeta
825 1838 1087 1886 alaudibus
1114 1840 1342 1893 infinitae,
1361 1856 1452 1901 qua
1477 1840 1651 1901 gaudet

224 1909 351 1960 Dea,
385 1908 434 1953 in
460 1922 602 1953 omne
635 1907 944 1953 animantium
969 1924 1116 1968 genus
1140 1907 1375 1968 potestatis
1397 1919 1538 1968 atque
1565 1909 1654 1956 im-

222 1975 343 2035 perii
368 1973 455 2033 g),
483 1974 611 2034 quod
634 1985 819 2020 tantum
856 1972 945 2020 effe
994 1974 1218 2027 affirmat,
1287 1987 1342 2021 vt
1364 1977 1432 2029 ei,
1491 1973 1524 2021 fi
1556 1987 1652 2023 tres

222 2040 364 2087 modo
384 2041 534 2095 Deas,
567 2042 782 2095 Dianam,
824 2043 1094 2090 Mineruam
1125 2056 1173 2090 et
1196 2041 1410 2097 Vestam,
1436 2044 1650 2104 excipias,

220 2109 386 2156 nullus
421 2108 756 2155 immortalium
785 2127 882 2157 non
903 2124 1075 2171 pareat.
1121 2136 1186 2146 —-
1227 2127 1272 2156 v.
1307 2124 1382 2170 35.
1491 2111 1656 2169 Quid?

223 2177 348 2242 quod
371 2174 471 2238 ipse
505 2178 685 2239 Iupiter
720 2178 973 2228 altitonans
1001 2181 1202 2228 Veneris
1223 2177 1442 2227 ludibriis
1459 2177 1653 2241 saepiffi-

1575 2263 1651 2294 me

292 2365 339 2412 g)
365 2366 498 2412 Spe&at
521 2366 554 2399 id
577 2366 670 2400 haud
707 2365 808 2401 dubie
844 2369 888 2403 ad
923 2368 1194 2415 antiquiffimum
1228 2368 1411 2411 mythu-m,
1443 2381 1513 2415 quo
1548 2379 1653 2403 rerum

372 2436 521 2462 naturam
534 2427 675 2462 Veneris
702 2425 842 2473 persona
867 2428 1107 2465 adumbratam
1133 2425 1206 2466 effe,
1231 2429 1281 2461 vel
1303 2440 1343 2463 ex
1365 2429 1534 2464 Hefiodeo
1560 2440 1651 2464 com-

373 2495 494 2523 memo
517 2487 638 2522 elicias.
688 2489 905 2524 Suauiffimos
929 2488 1038 2525 versus
1064 2489 1238 2526 Lucretius
1263 2490 1297 2527 iu
1332 2485 1505 2536 splendido
1536 2491 1654 2527 carmi-

379 2546 429 2578 nis
450 2545 499 2578 sui
525 2549 683 2590 exordio,
727 2549 783 2585 sed
805 2551 912 2601 magis
937 2552 1149 2591 elaboratos,
1186 2561 1323 2587 ornatos
1355 2560 1390 2584 et
1430 2549 1654 2597 ampiificatoz

374 2605 538 2642 exhibuit.
