1804 3028
222 128 283 176 50

225 218 301 284 14.
324 234 384 283 43
394 212 412 263 .’
440 220 518 264 60.
537 234 562 269 3·
583 213 754 276 partim
780 214 1200 270 confirmanturea
1224 209 1455 270 Apollinis
1477 227 1637 262 oracu-
1702 210 1705 212 ’

216 289 293 343 10,
338 304 362 333 a
382 283 605 332 Pausania
626 284 685 337 ΙΙ,
717 297 754 329 c.
782 283 860 328 26.
898 297 942 342 p.
979 295 1084 341 171.
1121 276 1352 341 apposito,
1391 277 1478 326 nisi
1510 279 1636 341 quod

216 357 285 404 ibi
312 353 524 412 Epidauri
559 353 743 413 genitus
766 346 853 395 effe
875 364 901 394 a
938 347 1172 395 Coronide
1204 345 1500 407 Aesculapius
1543 358 1636 393 tra.

217 424 365 475 ditur,
403 419 476 468 cui
497 430 761 467 commento
789 412 1037 475 Pausanias
1068 411 1164 479 ipse
1185 412 1341 470 fauet,
1408 415 1634 476 quoniam

212 488 473 551 Aesculapii
494 486 619 535 sacra
653 484 903 546 Epidau-ria
917 486 970 532 in
989 495 1089 531 tota
1109 484 1305 530 Graecia
1332 483 1634 531 celeberrima

206 558 356 607 fuere.

312 749 354 795 5.
391 733 576 781 XVIII.
613 730 798 791 Hymni
827 716 897 782 ΪΞις
917 733 1051 776 Ham
1080 727 1227 794 altera
1255 742 1359 788 pars
1386 727 1498 774 inde
1520 744 1546 774 a

717 822 783 871 vs.
808 863 812 865 a
834 832 896 878 28
945 848 1008 856 --
1042 837 1122 886 47.

340 967 439 1014 Cur
462 963 780 1027 fragmentum
800 963 890 1011 hoc
910 982 934 1010 a
958 963 1267 1024 praecedente
1306 963 1472 1025 hymni
1497 968 1639 1026 parti-

206 1035 312 1081 cula
336 1032 674 1081 secernendum
697 1030 784 1078 effe
816 1043 1003 1092 putem,
1069 1031 1229 1091 plures
1266 1029 1401 1085 sunt,
1466 1031 1659 1093 quibus*

203 1102 406 1148 adducar
420 1134 433 1154 ,
468 1102 689 1147 rationes.
753 1100 818 1146 Ac
840 1101 991 1159 primo
1012 1098 1203 1159 quidem
1222 1098 1444 1161 posterior
1467 1099 1636 1162 hymni

202 1186 309 1231 pars
335 1185 442 1216 cum
466 1169 613 1229 prior-i
639 1167 724 1214 illa
745 1167 907 1221 nullo,
968 1180 1200 1227 quantum
1235 1168 1477 1229 intelligo,
1532 1168 1635 1216 sen-

200 1238 459 1284 tentiarum
480 1252 609 1282 nexu
634 1234 868 1282 cohaeret.
937 1235 993 1281 In
1014 1234 1160 1280 altera
1182 1236 1307 1279 enim
1340 1251 1384 1281 v.
1432 1250 1449 1282 1
1465 1261 1528 1268 -—
1556 1250 1635 1297 27.

200 1305 327 1352 Pana
348 1303 553 1350 celebrat
574 1314 712 1362 poeta
767 1300 1102 1361 Nympharum
1136 1303 1361 1348 comitatu
1398 1301 1629 1363 stipatum,

197 1389 283 1433 per
302 1372 537 1418 montium
551 1371 673 1430 iuga,
690 1368 948 1422 conualleS,
981 1382 1137 1429 rupes,
1152 1396 1159 1401 ι
1174 1368 1367 1415 flumina
1379 1384 1627 1427 errantem,

199 1452 303 1486 tum
318 1440 579 1484 »venatione
605 1435 791 1488 fessum,
823 1448 964 1481 cantu
995 1451 1047 1480 ac
1066 1434 1312 1482 saltatione
1331 1469 1343 1489 ,
1377 1440 1629 1485 accinenti-

198 1505 289 1552 bus
320 1502 581 1564 Nymphis,
614 1500 707 1549 sese
733 1502 1034 1549 reficientem.
1106 1503 1224 1549 Sane
1259 1519 1445 1550 carmen
1480 1503 1568 1552 hoc
1601 1523 1627 1553 e

199 1570 467 1620 dulciffimis
490 1570 579 1623 est,
615 1586 703 1615 nec
750 1569 923 1615 habere
945 1585 1020 1615 me
1045 1570 1295 1629 profiteor3
1333 1572 1457 1631 quod
1472 1574 1627 1633 quoad

196 1638 428 1689 summam
481 1638 649 1699 poetici
692 1634 917 1683 sermonis
954 1635 1248 1684 venustatem
1277 1650 1325 1685 et
1346 1638 1627 1701 elegantiam

197 1710 242 1755 ei
274 1706 502 1768 praestare
536 1705 699 1751 dicam.
772 1706 858 1757 At,
896 1704 1021 1764 quod
1049 1706 1221 1764 excipit
1241 1709 1505 1753 encomium
1539 1707 1629 1756 hoc

193 1772 540 1835 fragmentum,
570 1788 616 1819 v.
638 1780 700 1826 28
732 1796 794 1803 —
822 1784 888 1833 47
905 1806 917 1825 ‚
948 1774 999 1818 in
1021 1788 1078 1818 eo
1103 1769 1262 1816 natales
1309 1775 1426 1828 Dei,
1471 1776 1521 1822 in
1549 1792 1627 1824 cu..

193 1844 269 1890 ius
304 1842 468 1888 laudes
494 1839 635 1887 modo
660 1842 873 1887 euestum
896 1851 1079 1899 poetam
1113 1839 1341 1895 vidimus,
1378 1859 1626 1904 exponun-

195 1923 289 1957 tur.
394 1911 463 1955 Vt
492 1908 771 1955 elocutioms
805 1908 1033 1953 minorem
1064 1907 1460 1967 pulcritudinem,
1532 1928 1624 1972 qua

194 1975 426 2039 particula
447 1974 564 2022 haec
590 1973 764 2036 pollet,
802 1975 1042 2029 omittam,
1107 1987 1265 2023 tamen
1301 1977 1623 2026 confitendum

194 2046 311 2098 erit,
347 2041 531 2089 inuerso
555 2043 719 2090 ordine
743 2040 993 2104 proceffiss'e
1021 2054 1231 2103 poetam,
1267 2045 1368 2099 cui,
1405 2062 1463 2093 ex
1490 2054 1622 2096 more

191 2112 292 2163 sere
324 2110 506 2171 semper
523 2114 574 2157 in
602 2110 793 2171 hymnis
808 2110 882 2157 his
903 2108 1176 2165 obseruate,
1214 2128 1239 2157 a
1266 2107 1501 2161 natalibus
1515 2116 1619 2162 Nu-

189 2181 358 2233 miniS,
413 2177 541 2240 quod
575 2178 834 2238 praedicare
862 2178 1037 2232 vellet,
1109 2195 1298 2225 carmen
1339 2180 1618 2230 ordiendum

189 2246 356 2295 fuisset.
430 2247 574 2293 Porro
598 2243 631 2292 fi
654 2246 710 2291 ad
752 2260 879 2290 vnum
902 2248 1135 2293 auctorem
1175 2245 1408 2307 hymnum
1441 2249 1617 2298 referre

186 2317 333 2369 velis,
398 2316 481 2361 vix
508 2311 719 2361 excusari
751 2316 787 2361 is
811 2315 1006 2376 poterit,
1044 2314 1170 2375 quod
1192 2316 1242 2361 in
1279 2318 1483 2365 carmine
1521 2330 1616 2365 tam

184 2384 319 2430 breui
340 2381 386 2429 se
409 2380 502 2442 ipse
536 2379 790 2442 exscripfit5
856 2381 982 2443 quod
1021 2379 1195 2429 factum
1219 2397 1379 2432 tamen
1400 2385 1530 2432 vides
1563 2387 1613 2432 in

181 2452 334 2498 Panos
356 2449 535 2497 formae
566 2448 870 2508 descriptione
905 2466 951 2495 v.
971 2465 999 2496 2
1016 2482 1029 2501 ‚
1087 2465 1205 2509 quae
1230 2452 1398 2498 iisdem
1455 2451 1610 2499 verbis

177 2517 301 2568 redit
334 2533 378 2565 v.
408 2531 483 2581 37.
555 2518 655 2566 Iam
685 2514 974 2580 perspectum
1000 2514 1246 2567 habuimus
1280 2518 1459 2567 cultum
1480 2517 1611 2567 habi-

1411 2598 1605 2649 tumque
1662 2639 1667 2644 ,

1754 2424 1765 2462 Ἷ
