1804 3028
251 132 313 185 30
900 140 1031 157 ·--··

246 227 452 283 meritiis,
489 232 609 291 epici
637 229 850 277 carminis
871 224 1036 283 instar,
1071 224 1386 282 conditorum,
1413 226 1676 286 allatisexa

243 298 662 374 amplis-apparet,
720 293 1002 345 Homeri-cos
1043 295 1247 356 hymnos
1287 299 1355 344 ita
1388 293 1532 352 faetus
1568 299 1671 352 effe,

245 379 302 415 vt
322 381 379 412 ex
404 367 656 412 innumera
687 363 968 418 fabularum,
994 364 1051 411 ad
1086 375 1265 414 numen
1300 361 1492 428 aliquod
1530 369 1672 426 petti-

244 435 479 506 nentium,
501 434 819 488 mul-titudine,
855 445 1000 481 vnam
1023 431 1237 494 seligeret
1254 446 1416 496 poeta,
1444 434 1677 480 eamdem-

244 517 368 564 que,
398 501 540 552 modo
562 499 777 548 laudibus
798 500 891 548 Dei
916 498 1202 549 extollendis
1217 514 1379 563 aptam
1394 531 1407 556 ‚
1437 515 1519 564 pet
1535 501 1677 548 omme

244 573 436 620 carmen
466 568 871 636 periequeretur.-
923 568 1012 618 Sed
1043 566 1354 617 charadterem
1386 566 1515 617 hunc
1534 595 1547 624 ·,
1589 565 1672 617 nifi

233 638 297 687 „in
348 635 528 700 hymno
585 635 724 699 plura
773 635 1036 699 fragmenta
1093 637 1239 684 latere
1284 634 1401 684 mihi
1448 638 1673 698 largiar-ie,

239 703 428 767 prorsus
461 705 592 759 tolli,
658 722 717 752 ex
755 705 811 751 iis
848 720 968 766 quae
1008 702 1162 751 statim
1206 703 1382 759 dicam,
1438 701 1671 766 sequetur.

238 770 486 821 Accedunt
516 769 590 820 his
630 770 818 834 insuper
855 773 971 819 aliae
1005 775 1236 827 rationeS,
1288 786 1347 820 ex
1378 769 1476 834 ipso
1511 769 1671 820 carmi-

239 844 317 889 nis
341 853 579 889 ‘contextu
612 844 783 903 petitae
798 872 825 895 ,.
867 854 986 902 quae
1018 840 1202 901 quidem
1251 853 1440 888 omnem
1474 838 1530 888 de
1576 838 1672 900 opi-

238 912 399 957 nionis
436 905 620 956 nostrae
659 912 859 957 veritate
892 908 1232 956 dubitationem
1278 910 1482 957 eximere
1522 905 1672 955 vide-ri

237 976 437 1039 poffint,
512 991 626 1037 quas
665 989 823 1024 tamen
867 984 973 1023 eum
1015 979 1271 1036 generatim
1315 990 1550 1036 exponere
1591 985 1668 1022 'res

236 1044 333 1106 ipsa
368 1056 524 1099 vetet,
561 1043 661 1091 'suis
693 1057 929 1105 quamque
962 1043 1076 1090 locis
1115 1040 1422 1102 indicabimus
1456 1040 1531 1101 *).

330 1211 332 1214 ’
388 1191 647 1244 Praemiffis
675 1192 748 1243 his
769 1228 782 1251 ,
826 1191 1090 1257 fragmenta
1113 1191 1232 1257 ipsa,
1273 1210 1392 1259 quae
1422 1198 1668 1247 continen.

238 1276 317 1313 tur
350 1261 554 1324 hymno,
612 1263 828 1310 subtilius
862 1276 1107 1323 exponam.
1198 1265 1317 1312 Sunt
1354 1278 1512 1313 autem
1552 1266 1668 1327 quin-

234 1347 312 1394 que
334 1329 630 1393 potiffir'num,
666 1329 818 1385 facili,
861 1343 916 1377 vt
945 1333 1139 1391 opinor,
1186 1332 1376 1393 negotio
1409 1330 1666 1394 deprehen·
1713 1353 1715 1356 ·

235 1399 403 1447 denda.
488 1399 696 1450 Primum,
744 1398 871 1459 quod
907 1398 1096 1442 tredecim
1130 1395 1361 1454 verfibus‚
1417 1403 1468 1448 in
1501 1397 1666 1462 hymni

234 1468 461 1529 principio
500 1467 582 1527 qui
612 1466 858 1528 leguntur,
911 1463 1197 1519 absoluitur‚
1240 1466 1408 1527 hymni
1436 1470 1487 1515 111
1509 1471 1674 1530 Apol«
1734 1474 1736 1476 ’

235 1536 408 1587 linem,
451 1549 545 1593 quo
569 1534 726 1580 Deum
753 1532 879 1579 hunc
904 1535 1029 1579 inter
1055 1534 1203 1580 Diuos
1237 1537 1386 1595 primo
1420 1548 1662 1597 receptum

234 1600 555 1649 celebrauerit
588 1612 753 1661 poeta,
802 1596 1064 1654 exordium,
1090 1613 1214 1648 certe
1246 1604 1550 1663 particulam,
1581 1604 1661 1651 ha-

232 1669 383 1717 beam.
483 1667 680 1713 Alterum
728 1665 864 1728 <nifi'
886 1670 1124 1729 integrum
1160 1668 1392 1729 hymnum
1429 1670 1662 1732 appellare

232 1738 391 1790 malis,
428 1742 553 1790 narn,
595 1735 786 1781 exordio
823 1745 1007 1783 tantum
1041 1736 1263 1784 mutilum
1284 1736 1385 1793 effe,
1412 1736 1659 1798 coniicio.)

233 1821 260 1851 a
287 1803 351 1852 vs.
389 1820 460 1865 19.
500 1804 678 1863 incipit,
708 1802 752 1858 s)
789 1817 838 1849 et
875 1801 940 1850 vs.
971 1812 1075 1862 178.
1118 1801 1306 1852 demum
1347 1807 1656 1854 concluditur'.

229 1871 457 1918 Traditur
484 1869 561 1917 hic
587 1883 700 1916 nota
735 1869 792 1917 de
818 1868 1050 1917 natalibus
1076 1870 1167 1919 Dei
1188 1870 1373 1926 fabula3
1414 1887 1660 1936 exponun-
1723 1905 1726 1910 -

233 1951 312 1987 tur
342 1941 546 1987 Latonae
581 1947 761 1985 errores
797 1963 864 1972 —-
901 1954 946 1985 v.
970 1954 1050 2000 49.
1105 1939 1109 1942 ’
1142 1937 1357 1987 Tandem
1392 1941 1448 1988 ad
1482 1940 1658 1990 Delum

231 2022 382 2067 vsque
418 2004 621 2066 profesta
660 2005 785 2059 Dea,
833 2003 1033 2052 insulam
1071 2003 1217 2062 hanc,
1267 2009 1427 2069 inqua
1454 2020 1657 2071 partum,

233 2073 462 2122 diuinitus
494 2086 784 2133 conceptum,
814 2072 945 2127 edat,
979 2072 1133 2121 sedem
1155 2074 1238 2122 fibi
1263 2074 1393 2136 eligit
1412 2076 1467 2109 —-'
1506 2091 1550 2124 v
1574 2093 1652 2138 90.

230 2142 328 2188 Iam
348 2157 401 2188 ea
425 2156 509 2222 per
527 2154 702 2186 nouem
727 2141 821 2187 dies
841 2143 1161 2206 parturiente,
1181 2137 1418 2203 Ilithyiae‚
1447 2143 1503 2189 ab
1532 2143 1655 2193 Iride

1426 2212 1658 2297 arceffitae

300 2341 345 2388 ⁴)
369 2342 442 2378 Nec
460 2339 727 2390 praetereundus
744 2343 826 2381 mihi
850 2342 1022 2380 Athenaei
1040 2345 1134 2379 lotus
1164 2341 1260 2391 supra
1290 2342 1402 2384 illustr
1432 2344 1453 2381 l.
1468 2347 1512 2387 1,
1541 2355 1573 2393 p
1598 2354 1655 2384 22.-

379 2397 494 2448 ὅμηρος
511 2423 559 2431 --
579 2407 607 2435 ἐν
636 2408 699 2438 τοῖς
720 2408 762 2439 εἰς
782 2408 941 2438 Απόλλωνα
960 2405 1074 2444 ὕμνοις,
1101 2404 1225 2450 quippe
1239 2405 1297 2452 qui
1316 2407 1547 2442 conied’curam
1567 2409 1659 2444 hanc

380 2464 509 2498 mirum
527 2473 702 2510 quantum
726 2461 858 2500 firmare
881 2466 1024 2501 videtur.

301 2567 336 2614 s)
363 2565 496 2600 Lacinia
517 2567 572 2600 illa
600 2567 803 2608 intertexta,
835 2572 876 2605 V.
905 2579 947 2615 14
966 2589 978 2595 -
1006 2572 1064 2610 18,
1101 2568 1262 2616 quorsum
1286 2568 1476 2616 pertineat,
1518 2568 1555 2606 111
1583 2563 1654 2609 (Db-'1

378 2624 623 2660 seruationibus
653 2627 774 2661 dicam.
