<?xml version="1.0" encoding="UTF-8"?>
<!DOCTYPE html PUBLIC "-//W3C//DTD XHTML 1.0 Transitional//EN"
    "http://www.w3.org/TR/xhtml1/DTD/xhtml1-transitional.dtd">
<html xmlns="http://www.w3.org/1999/xhtml" xml:lang="en" lang="en">
 <head>
  <title>
</title>
<meta http-equiv="Content-Type" content="text/html;charset=utf-8" />
  <meta name='ocr-system' content='tesseract 3.04.00' />
  <meta name='ocr-capabilities' content='ocr_page ocr_carea ocr_par ocr_line ocrx_word'/>
</head>
<body>
  <div class='ocr_page' id='page_1' title='image "4629190_0058.png"; bbox 0 0 1804 3028; ppageno 0'>
   <div class='ocr_carea' id='block_1_1' title="bbox 219 156 1006 223">
    <p class='ocr_par' dir='ltr' id='par_1_1' title="bbox 219 156 1006 223">
     <span class='ocr_line' id='line_1_1' title="bbox 219 156 1006 223; baseline -0.005 0"><span class='ocrx_word' id='word_1_1' title='bbox 219 156 283 223; x_wconf 74' lang='grc'><strong>46</strong></span> <span class='ocrx_word' id='word_1_2' title='bbox 873 172 1006 189; x_wconf 64' lang='grc'><strong>“--</strong></span> 
     </span>
    </p>
   </div>
   <div class='ocr_carea' id='block_1_2' title="bbox 212 257 1682 2418">
    <p class='ocr_par' dir='ltr' id='par_1_2' title="bbox 212 257 1682 2418">
     <span class='ocr_line' id='line_1_2' title="bbox 218 257 1649 322; baseline 0 -8"><span class='ocrx_word' id='word_1_3' title='bbox 218 267 335 315; x_wconf 81' lang='lat' dir='ltr'><strong>dum</strong></span> <span class='ocrx_word' id='word_1_4' title='bbox 363 257 571 314; x_wconf 72' lang='lat' dir='ltr'><strong>similem,</strong></span> <span class='ocrx_word' id='word_1_5' title='bbox 607 261 659 307; x_wconf 87' lang='lat' dir='ltr'><strong>in</strong></span> <span class='ocrx_word' id='word_1_6' title='bbox 689 257 1076 322; x_wconf 84' lang='lat' dir='ltr'><strong>Thesmophoriis</strong></span> <span class='ocrx_word' id='word_1_7' title='bbox 1100 260 1414 316; x_wconf 80' lang='lat' dir='ltr'><strong>decantatum,</strong></span> <span class='ocrx_word' id='word_1_8' title='bbox 1436 260 1649 313; x_wconf 77' lang='lat' dir='ltr'><strong>exhibuit:</strong></span> 
     </span>
     <span class='ocr_line' id='line_1_3' title="bbox 221 327 1650 392; baseline 0.001 -12"><span class='ocrx_word' id='word_1_9' title='bbox 221 327 552 383; x_wconf 86' lang='lat' dir='ltr'>Callimachus.</span> <span class='ocrx_word' id='word_1_10' title='bbox 660 327 714 376; x_wconf 91' lang='lat' dir='ltr'><strong>Id</strong></span> <span class='ocrx_word' id='word_1_11' title='bbox 752 328 878 388; x_wconf 88' lang='lat' dir='ltr'><strong>quod</strong></span> <span class='ocrx_word' id='word_1_12' title='bbox 927 329 1003 376; x_wconf 91' lang='lat' dir='ltr'><strong>vel</strong></span> <span class='ocrx_word' id='word_1_13' title='bbox 1044 327 1213 389; x_wconf 86' lang='lat' dir='ltr'>hymni</span> <span class='ocrx_word' id='word_1_14' title='bbox 1255 329 1492 392; x_wconf 74' lang='lat' dir='ltr'><strong>epilogus,</strong></span> <span class='ocrx_word' id='word_1_15' title='bbox 1564 331 1650 382; x_wconf 83' lang='lat' dir='ltr'><strong>nifi</strong></span> 
     </span>
     <span class='ocr_line' id='line_1_4' title="bbox 222 395 1649 451; baseline 0.001 -5"><span class='ocrx_word' id='word_1_16' title='bbox 222 406 263 451; x_wconf 82' lang='lat' dir='ltr'><strong>is</strong></span> <span class='ocrx_word' id='word_1_17' title='bbox 309 417 336 446; x_wconf 87' lang='lat' dir='ltr'><strong>a</strong></span> <span class='ocrx_word' id='word_1_18' title='bbox 370 397 532 445; x_wconf 88' lang='lat' dir='ltr'><strong>seriori</strong></span> <span class='ocrx_word' id='word_1_19' title='bbox 575 409 717 443; x_wconf 85' lang='lat' dir='ltr'><strong>manu</strong></span> <span class='ocrx_word' id='word_1_20' title='bbox 763 408 970 444; x_wconf 83' lang='lat' dir='ltr'>attextus</span> <span class='ocrx_word' id='word_1_21' title='bbox 1013 395 1101 450; x_wconf 86' lang='lat' dir='ltr'><strong>est,</strong></span> <span class='ocrx_word' id='word_1_22' title='bbox 1173 398 1407 446; x_wconf 87' lang='lat' dir='ltr'><strong>declarare</strong></span> <span class='ocrx_word' id='word_1_23' title='bbox 1445 399 1649 448; x_wconf 82' lang='lat' dir='ltr'><strong>videtur.</strong></span> 
     </span>
     <span class='ocr_line' id='line_1_5' title="bbox 221 464 1655 526; baseline -0.005 -9"><span class='ocrx_word' id='word_1_24' title='bbox 221 466 386 518; x_wconf 85' lang='lat' dir='ltr'>Refert</span> <span class='ocrx_word' id='word_1_25' title='bbox 415 468 544 513; x_wconf 88' lang='lat' dir='ltr'><strong>enim</strong></span> <span class='ocrx_word' id='word_1_26' title='bbox 572 464 888 525; x_wconf 87' lang='lat' dir='ltr'><strong>hymnorum,</strong></span> <span class='ocrx_word' id='word_1_27' title='bbox 927 467 1010 526; x_wconf 86' lang='lat' dir='ltr'><strong>qui</strong></span> <span class='ocrx_word' id='word_1_28' title='bbox 1041 464 1097 510; x_wconf 88' lang='lat' dir='ltr'><strong>ad</strong></span> <span class='ocrx_word' id='word_1_29' title='bbox 1137 466 1304 513; x_wconf 84' lang='lat' dir='ltr'><strong>teletas</strong></span> <span class='ocrx_word' id='word_1_30' title='bbox 1334 465 1464 521; x_wconf 64' lang='lat' dir='ltr'><strong>faeti,</strong></span> <span class='ocrx_word' id='word_1_31' title='bbox 1519 468 1655 515; x_wconf 88' lang='lat' dir='ltr'><strong>indo..</strong></span> 
     </span>
     <span class='ocr_line' id='line_1_6' title="bbox 220 530 1649 596; baseline -0.001 -12"><span class='ocrx_word' id='word_1_32' title='bbox 220 536 331 588; x_wconf 91' lang='lat' dir='ltr'><strong>lem,</strong></span> <span class='ocrx_word' id='word_1_33' title='bbox 346 534 649 596; x_wconf 86' lang='lat' dir='ltr'><strong>quamobrem</strong></span> <span class='ocrx_word' id='word_1_34' title='bbox 661 533 710 577; x_wconf 90' lang='lat' dir='ltr'><strong>in</strong></span> <span class='ocrx_word' id='word_1_35' title='bbox 722 530 942 591; x_wconf 82' lang='lat' dir='ltr'><strong>Orphicis</strong></span> <span class='ocrx_word' id='word_1_36' title='bbox 956 531 1229 593; x_wconf 81' lang='lat' dir='ltr'><strong>frequenter</strong></span> <span class='ocrx_word' id='word_1_37' title='bbox 1240 534 1649 590; x_wconf 86' lang='lat' dir='ltr'><strong>animaduertitur,</strong></span> 
     </span>
     <span class='ocr_line' id='line_1_7' title="bbox 218 598 1646 659; baseline 0 -7"><span class='ocrx_word' id='word_1_38' title='bbox 218 617 268 652; x_wconf 87' lang='lat' dir='ltr'><strong>et</strong></span> <span class='ocrx_word' id='word_1_39' title='bbox 299 602 420 650; x_wconf 86' lang='lat' dir='ltr'><strong>redit</strong></span> <span class='ocrx_word' id='word_1_40' title='bbox 455 598 578 647; x_wconf 85' lang='lat' dir='ltr'><strong>infra</strong></span> <span class='ocrx_word' id='word_1_41' title='bbox 603 601 654 646; x_wconf 89' lang='lat' dir='ltr'><strong>in</strong></span> <span class='ocrx_word' id='word_1_42' title='bbox 681 599 874 659; x_wconf 91' lang='lat' dir='ltr'><strong>Hymno</strong></span> <span class='ocrx_word' id='word_1_43' title='bbox 900 602 951 647; x_wconf 87' lang='lat' dir='ltr'><strong>in</strong></span> <span class='ocrx_word' id='word_1_44' title='bbox 971 601 1173 647; x_wconf 85' lang='lat' dir='ltr'><strong>Matrem</strong></span> <span class='ocrx_word' id='word_1_45' title='bbox 1204 601 1434 648; x_wconf 82' lang='lat' dir='ltr'><strong>Omnium</strong></span> <span class='ocrx_word' id='word_1_46' title='bbox 1456 603 1646 658; x_wconf 88' lang='lat' dir='ltr'><strong>XXXI,</strong></span> 
     </span>
     <span class='ocr_line' id='line_1_8' title="bbox 220 665 1651 735; baseline 0 -16"><span class='ocrx_word' id='word_1_47' title='bbox 220 687 362 735; x_wconf 83' lang='lat' dir='ltr'><strong>quem</strong></span> <span class='ocrx_word' id='word_1_48' title='bbox 402 670 542 716; x_wconf 88' lang='lat' dir='ltr'><strong>etiam</strong></span> <span class='ocrx_word' id='word_1_49' title='bbox 587 667 642 713; x_wconf 86' lang='lat' dir='ltr'><strong>ad</strong></span> <span class='ocrx_word' id='word_1_50' title='bbox 683 665 917 728; x_wconf 84' lang='lat' dir='ltr'><strong>Orphicos</strong></span> <span class='ocrx_word' id='word_1_51' title='bbox 960 666 1095 729; x_wconf 88' lang='lat' dir='ltr'><strong>supra</strong></span> <span class='ocrx_word' id='word_1_52' title='bbox 1135 669 1393 716; x_wconf 84' lang='lat' dir='ltr'><strong>reiecimus.</strong></span> <span class='ocrx_word' id='word_1_53' title='bbox 1481 673 1651 719; x_wconf 59' lang='lat' dir='ltr'><strong>Aucto&gt;-</strong></span> 
     </span>
     <span class='ocr_line' id='line_1_9' title="bbox 219 735 1653 796; baseline -0.006 -9"><span class='ocrx_word' id='word_1_54' title='bbox 219 755 321 787; x_wconf 83' lang='lat' dir='ltr'><strong>rem</strong></span> <span class='ocrx_word' id='word_1_55' title='bbox 358 753 471 783; x_wconf 85' lang='lat' dir='ltr'><strong>vero</strong></span> <span class='ocrx_word' id='word_1_56' title='bbox 510 735 704 796; x_wconf 81' lang='lat' dir='ltr'><strong>hymni,</strong></span> <span class='ocrx_word' id='word_1_57' title='bbox 774 752 867 795; x_wconf 92' lang='lat' dir='ltr'><strong>quo</strong></span> <span class='ocrx_word' id='word_1_58' title='bbox 905 737 1059 782; x_wconf 87' lang='lat' dir='ltr'><strong>minus</strong></span> <span class='ocrx_word' id='word_1_59' title='bbox 1103 753 1209 782; x_wconf 88' lang='lat' dir='ltr'><strong>cum</strong></span> <span class='ocrx_word' id='word_1_60' title='bbox 1248 738 1372 784; x_wconf 90' lang='lat' dir='ltr'><strong>Sum.</strong></span> <span class='ocrx_word' id='word_1_61' title='bbox 1427 737 1653 786; x_wconf 76' lang='lat' dir='ltr'><strong>Ruhnke-</strong></span> 
     </span>
     <span class='ocr_line' id='line_1_10' title="bbox 218 802 1649 861; baseline -0.001 -7"><span class='ocrx_word' id='word_1_62' title='bbox 218 809 324 859; x_wconf 86' lang='lat' dir='ltr'><strong>nio,</strong></span> <span class='ocrx_word' id='word_1_63' title='bbox 357 804 514 851; x_wconf 87' lang='lat' dir='ltr'><strong>statim</strong></span> <span class='ocrx_word' id='word_1_64' title='bbox 542 802 640 861; x_wconf 84' lang='lat' dir='ltr'><strong>post</strong></span> <span class='ocrx_word' id='word_1_65' title='bbox 675 803 939 849; x_wconf 82' lang='lat' dir='ltr'><strong>Homerum</strong></span> <span class='ocrx_word' id='word_1_66' title='bbox 968 803 1047 849; x_wconf 87' lang='lat' dir='ltr'><strong>vel</strong></span> <span class='ocrx_word' id='word_1_67' title='bbox 1071 802 1261 850; x_wconf 85' lang='lat' dir='ltr'>Hesiodi</span> <span class='ocrx_word' id='word_1_68' title='bbox 1292 814 1443 851; x_wconf 86' lang='lat' dir='ltr'><strong>aetate</strong></span> <span class='ocrx_word' id='word_1_69' title='bbox 1475 804 1649 860; x_wconf 82' lang='lat' dir='ltr'><strong>vixiffe,</strong></span> 
     </span>
     <span class='ocr_line' id='line_1_11' title="bbox 220 868 1648 936; baseline -0.001 -15"><span class='ocrx_word' id='word_1_70' title='bbox 220 876 446 936; x_wconf 84' lang='lat' dir='ltr'>opinante</span> <span class='ocrx_word' id='word_1_71' title='bbox 489 868 678 926; x_wconf 80' lang='lat' dir='ltr'><strong>faciam,</strong></span> <span class='ocrx_word' id='word_1_72' title='bbox 760 870 952 931; x_wconf 89' lang='lat' dir='ltr'><strong>impedit</strong></span> <span class='ocrx_word' id='word_1_73' title='bbox 998 868 1264 933; x_wconf 87' lang='lat' dir='ltr'><strong>splendidus</strong></span> <span class='ocrx_word' id='word_1_74' title='bbox 1311 872 1368 919; x_wconf 89' lang='lat' dir='ltr'><strong>de</strong></span> <span class='ocrx_word' id='word_1_75' title='bbox 1418 872 1648 934; x_wconf 82' lang='lat' dir='ltr'><strong>mysteriis</strong></span> 
     </span>
     <span class='ocr_line' id='line_1_12' title="bbox 219 939 1648 1000; baseline -0.001 -11"><span class='ocrx_word' id='word_1_76' title='bbox 219 939 468 991; x_wconf 87' lang='lat' dir='ltr'><strong>Eleusiniis</strong></span> <span class='ocrx_word' id='word_1_77' title='bbox 504 939 637 985; x_wconf 90' lang='lat' dir='ltr'><strong>locus</strong></span> <span class='ocrx_word' id='word_1_78' title='bbox 677 954 724 983; x_wconf 92' lang='lat' dir='ltr'><strong>v.</strong></span> <span class='ocrx_word' id='word_1_79' title='bbox 750 946 844 1000; x_wconf 84' lang='lat'><strong>483</strong></span> <span class='ocrx_word' id='word_1_80' title='bbox 865 946 1053 1000; x_wconf 86' lang='lat'>—487.</span> <span class='ocrx_word' id='word_1_81' title='bbox 1088 940 1138 984; x_wconf 86' lang='lat' dir='ltr'><strong>in</strong></span> <span class='ocrx_word' id='word_1_82' title='bbox 1178 954 1271 998; x_wconf 94' lang='lat' dir='ltr'><strong>quo</strong></span> <span class='ocrx_word' id='word_1_83' title='bbox 1307 942 1528 986; x_wconf 89' lang='lat' dir='ltr'><strong>nimirum</strong></span> <span class='ocrx_word' id='word_1_84' title='bbox 1566 958 1648 987; x_wconf 86' lang='lat' dir='ltr'><strong>no-</strong></span> 
     </span>
     <span class='ocr_line' id='line_1_13' title="bbox 220 1002 1650 1065; baseline -0.001 -9"><span class='ocrx_word' id='word_1_85' title='bbox 220 1012 375 1057; x_wconf 82' lang='lat' dir='ltr'><strong>tiones</strong></span> <span class='ocrx_word' id='word_1_86' title='bbox 406 1007 637 1054; x_wconf 86' lang='lat' dir='ltr'><strong>contineri</strong></span> <span class='ocrx_word' id='word_1_87' title='bbox 668 1004 894 1059; x_wconf 82' lang='lat' dir='ltr'><strong>arbitror,</strong></span> <span class='ocrx_word' id='word_1_88' title='bbox 940 1020 967 1050; x_wconf 90' lang='lat' dir='ltr'><strong>a</strong></span> <span class='ocrx_word' id='word_1_89' title='bbox 995 1002 1142 1065; x_wconf 86' lang='lat' dir='ltr'><strong>prisca</strong></span> <span class='ocrx_word' id='word_1_90' title='bbox 1174 1006 1258 1051; x_wconf 90' lang='lat' dir='ltr'><strong>illa</strong></span> <span class='ocrx_word' id='word_1_91' title='bbox 1279 1020 1430 1053; x_wconf 87' lang='lat' dir='ltr'><strong>aetate</strong></span> <span class='ocrx_word' id='word_1_92' title='bbox 1458 1007 1650 1063; x_wconf 85' lang='lat' dir='ltr'><strong>alienas,</strong></span> 
     </span>
     <span class='ocr_line' id='line_1_14' title="bbox 217 1072 1649 1135; baseline -0.001 -11"><span class='ocrx_word' id='word_1_93' title='bbox 217 1089 266 1124; x_wconf 89' lang='lat' dir='ltr'><strong>et</strong></span> <span class='ocrx_word' id='word_1_94' title='bbox 309 1074 469 1122; x_wconf 86' lang='lat' dir='ltr'><strong>seriori</strong></span> <span class='ocrx_word' id='word_1_95' title='bbox 511 1072 662 1135; x_wconf 82' lang='lat' dir='ltr'><strong>multo</strong></span> <span class='ocrx_word' id='word_1_96' title='bbox 705 1072 906 1133; x_wconf 87' lang='lat' dir='ltr'><strong>tempori</strong></span> <span class='ocrx_word' id='word_1_97' title='bbox 951 1072 1347 1129; x_wconf 83' lang='lat' dir='ltr'><strong>accommodatas,</strong></span> <span class='ocrx_word' id='word_1_98' title='bbox 1395 1091 1503 1121; x_wconf 87' lang='lat' dir='ltr'><strong>cum</strong></span> <span class='ocrx_word' id='word_1_99' title='bbox 1541 1073 1649 1123; x_wconf 89' lang='lat' dir='ltr'><strong>sub-</strong></span> 
     </span>
     <span class='ocr_line' id='line_1_15' title="bbox 216 1138 1647 1203; baseline -0.001 -11"><span class='ocrx_word' id='word_1_100' title='bbox 216 1145 377 1193; x_wconf 84' lang='lat' dir='ltr'><strong>tiliora</strong></span> <span class='ocrx_word' id='word_1_101' title='bbox 412 1138 814 1203; x_wconf 83' lang='lat' dir='ltr'><strong>philosophemata</strong></span> <span class='ocrx_word' id='word_1_102' title='bbox 848 1141 900 1185; x_wconf 85' lang='lat' dir='ltr'><strong>in</strong></span> <span class='ocrx_word' id='word_1_103' title='bbox 944 1139 1097 1185; x_wconf 88' lang='lat' dir='ltr'><strong>teletis</strong></span> <span class='ocrx_word' id='word_1_104' title='bbox 1141 1139 1214 1186; x_wconf 86' lang='lat' dir='ltr'><strong>his</strong></span> <span class='ocrx_word' id='word_1_105' title='bbox 1259 1141 1380 1187; x_wconf 87' lang='lat' dir='ltr'><strong>tradi</strong></span> <span class='ocrx_word' id='word_1_106' title='bbox 1426 1155 1647 1203; x_wconf 87' lang='lat' dir='ltr'><strong>coeptum</strong></span> 
     </span>
     <span class='ocr_line' id='line_1_16' title="bbox 217 1200 1650 1270; baseline 0 -13"><span class='ocrx_word' id='word_1_107' title='bbox 217 1210 353 1265; x_wconf 81' lang='lat' dir='ltr'><strong>effer,</strong></span> <span class='ocrx_word' id='word_1_108' title='bbox 406 1207 535 1257; x_wconf 87' lang='lat' dir='ltr'><strong>vnde</strong></span> <span class='ocrx_word' id='word_1_109' title='bbox 577 1207 656 1253; x_wconf 88' lang='lat' dir='ltr'><strong>vel</strong></span> <span class='ocrx_word' id='word_1_110' title='bbox 681 1209 825 1254; x_wconf 65' lang='lat' dir='ltr'><strong>&#39;voce&#39;s</strong></span> <span class='ocrx_word' id='word_1_111' title='bbox 862 1205 972 1252; x_wconf 85' lang='lat' dir='ltr'><strong>istae</strong></span> <span class='ocrx_word' id='word_1_112' title='bbox 1004 1200 1211 1259; x_wconf 68' lang='grc' dir='ltr'><strong>ὄπωπεν,</strong></span> <span class='ocrx_word' id='word_1_113' title='bbox 1244 1205 1440 1263; x_wconf 57' lang='grc' dir='ltr'><strong>ἀτελής,</strong></span> <span class='ocrx_word' id='word_1_114' title='bbox 1490 1223 1650 1270; x_wconf 53' lang='lat' dir='ltr'><strong>quates-</strong></span> 
     </span>
     <span class='ocr_line' id='line_1_17' title="bbox 219 1271 1646 1336; baseline -0.001 -9"><span class='ocrx_word' id='word_1_115' title='bbox 219 1296 311 1327; x_wconf 88' lang='lat' dir='ltr'><strong>nus</strong></span> <span class='ocrx_word' id='word_1_116' title='bbox 348 1278 572 1323; x_wconf 84' lang='lat' dir='ltr'><strong>maiorem</strong></span> <span class='ocrx_word' id='word_1_117' title='bbox 599 1276 741 1320; x_wconf 87' lang='lat' dir='ltr'><strong>animi</strong></span> <span class='ocrx_word' id='word_1_118' title='bbox 767 1271 1123 1334; x_wconf 65' lang='lat' dir='ltr'><strong>perfectionem,</strong></span> <span class='ocrx_word' id='word_1_119' title='bbox 1178 1272 1235 1320; x_wconf 89' lang='lat' dir='ltr'><strong>ad</strong></span> <span class='ocrx_word' id='word_1_120' title='bbox 1269 1289 1409 1336; x_wconf 85' lang='lat' dir='ltr'><strong>quam</strong></span> <span class='ocrx_word' id='word_1_121' title='bbox 1440 1278 1646 1325; x_wconf 86' lang='lat' dir='ltr'><strong>initiatos</strong></span> 
     </span>
     <span class='ocr_line' id='line_1_18' title="bbox 217 1340 1646 1407; baseline -0.001 -13"><span class='ocrx_word' id='word_1_122' title='bbox 217 1349 269 1395; x_wconf 81' lang='lat' dir='ltr'><strong>in</strong></span> <span class='ocrx_word' id='word_1_123' title='bbox 299 1344 526 1406; x_wconf 82' lang='lat' dir='ltr'><strong>mysteriis</strong></span> <span class='ocrx_word' id='word_1_124' title='bbox 560 1340 1019 1401; x_wconf 74' lang='lat' dir='ltr'><strong>adduci-putabant,</strong></span> <span class='ocrx_word' id='word_1_125' title='bbox 1054 1343 1272 1403; x_wconf 87' lang='lat' dir='ltr'><strong>vitaeque</strong></span> <span class='ocrx_word' id='word_1_126' title='bbox 1308 1341 1494 1391; x_wconf 84' lang='lat' dir='ltr'><strong>futurae</strong></span> <span class='ocrx_word' id='word_1_127' title='bbox 1520 1343 1646 1407; x_wconf 83' lang='lat' dir='ltr'><strong>figna</strong></span> 
     </span>
     <span class='ocr_line' id='line_1_19' title="bbox 219 1407 1645 1470; baseline -0.001 -8"><span class='ocrx_word' id='word_1_128' title='bbox 219 1415 357 1462; x_wconf 87' lang='lat' dir='ltr'><strong>velut</strong></span> <span class='ocrx_word' id='word_1_129' title='bbox 388 1410 662 1457; x_wconf 80' lang='lat' dir='ltr'><strong>adumbrata</strong></span> <span class='ocrx_word' id='word_1_130' title='bbox 688 1408 975 1461; x_wconf 85' lang='lat' dir='ltr'><strong>inuoluunt,</strong></span> <span class='ocrx_word' id='word_1_131' title='bbox 1020 1407 1138 1455; x_wconf 89' lang='lat' dir='ltr'><strong>mihi</strong></span> <span class='ocrx_word' id='word_1_132' title='bbox 1170 1412 1450 1470; x_wconf 89' lang='lat' dir='ltr'><strong>repetendae</strong></span> <span class='ocrx_word' id='word_1_133' title='bbox 1481 1413 1645 1461; x_wconf 74' lang='lat' dir='ltr'><strong>viden-</strong></span> 
     </span>
     <span class='ocr_line' id='line_1_20' title="bbox 220 1473 1643 1538; baseline 0.013 -27"><span class='ocrx_word' id='word_1_134' title='bbox 220 1495 313 1530; x_wconf 47' lang='lat' dir='ltr'>tur·</span> <span class='ocrx_word' id='word_1_135' title='bbox 365 1494 411 1526; x_wconf 67' lang='lat' dir='ltr'><strong>v.</strong></span> <span class='ocrx_word' id='word_1_136' title='bbox 436 1480 534 1525; x_wconf 88' lang='lat' dir='ltr'><strong>Cic.</strong></span> <span class='ocrx_word' id='word_1_137' title='bbox 557 1473 774 1536; x_wconf 52' lang='lat' dir='ltr'><strong>de&#39;Legg,</strong></span> <span class='ocrx_word' id='word_1_138' title='bbox 796 1477 867 1529; x_wconf 80' lang='grc' dir='ltr'><strong>ΙΙ,</strong></span> <span class='ocrx_word' id='word_1_139' title='bbox 895 1492 932 1521; x_wconf 84' lang='lat' dir='ltr'><strong>e.</strong></span> <span class='ocrx_word' id='word_1_140' title='bbox 961 1491 1034 1538; x_wconf 87' lang='lat'><strong>14.</strong></span> <span class='ocrx_word' id='word_1_141' title='bbox 1074 1476 1261 1533; x_wconf 84' lang='lat' dir='ltr'><strong>Qaest.</strong></span> <span class='ocrx_word' id='word_1_142' title='bbox 1284 1477 1418 1526; x_wconf 84' lang='lat' dir='ltr'><strong>Tusc.</strong></span> <span class='ocrx_word' id='word_1_143' title='bbox 1444 1481 1478 1533; x_wconf 89' lang='lat' dir='ltr'><strong>I,</strong></span> <span class='ocrx_word' id='word_1_144' title='bbox 1500 1498 1538 1534; x_wconf 84' lang='lat' dir='ltr'><strong>c,</strong></span> <span class='ocrx_word' id='word_1_145' title='bbox 1570 1498 1643 1529; x_wconf 85' lang='lat'><strong>12.</strong></span> 
     </span>
     <span class='ocr_line' id='line_1_21' title="bbox 219 1542 1645 1604; baseline -0.001 -7"><span class='ocrx_word' id='word_1_146' title='bbox 219 1552 273 1597; x_wconf 85' lang='lat' dir='ltr'><strong>in</strong></span> <span class='ocrx_word' id='word_1_147' title='bbox 308 1550 446 1595; x_wconf 87' lang='lat' dir='ltr'><strong>Verr.</strong></span> <span class='ocrx_word' id='word_1_148' title='bbox 475 1547 535 1598; x_wconf 90' lang='lat' dir='ltr'><strong>V,</strong></span> <span class='ocrx_word' id='word_1_149' title='bbox 564 1561 601 1590; x_wconf 89' lang='lat' dir='ltr'><strong>c.</strong></span> <span class='ocrx_word' id='word_1_150' title='bbox 628 1557 705 1603; x_wconf 86' lang='lat'><strong>72.</strong></span> <span class='ocrx_word' id='word_1_151' title='bbox 750 1566 813 1574; x_wconf 91' lang='lat'>—</span> <span class='ocrx_word' id='word_1_152' title='bbox 862 1542 1046 1588; x_wconf 86' lang='lat' dir='ltr'><strong>Certius</strong></span> <span class='ocrx_word' id='word_1_153' title='bbox 1090 1542 1177 1596; x_wconf 88' lang='lat' dir='ltr'><strong>est,</strong></span> <span class='ocrx_word' id='word_1_154' title='bbox 1208 1544 1366 1604; x_wconf 89' lang='lat' dir='ltr'><strong>plures</strong></span> <span class='ocrx_word' id='word_1_155' title='bbox 1404 1545 1541 1594; x_wconf 87' lang='lat' dir='ltr'><strong>huius</strong></span> <span class='ocrx_word' id='word_1_156' title='bbox 1576 1562 1645 1595; x_wconf 86' lang='lat' dir='ltr'><strong>ar-</strong></span> 
     </span>
     <span class='ocr_line' id='line_1_22' title="bbox 218 1608 1644 1679; baseline -0.004 -17"><span class='ocrx_word' id='word_1_157' title='bbox 218 1614 431 1679; x_wconf 86' lang='lat' dir='ltr'><strong>gumenti</strong></span> <span class='ocrx_word' id='word_1_158' title='bbox 461 1611 664 1672; x_wconf 82' lang='lat' dir='ltr'><strong>hymnos</strong></span> <span class='ocrx_word' id='word_1_159' title='bbox 695 1609 809 1656; x_wconf 87' lang='lat' dir='ltr'><strong>olim</strong></span> <span class='ocrx_word' id='word_1_160' title='bbox 844 1608 1083 1662; x_wconf 78' lang='lat' dir='ltr'><strong>exstitiss&#39;e3</strong></span> <span class='ocrx_word' id='word_1_161' title='bbox 1136 1612 1186 1656; x_wconf 88' lang='lat' dir='ltr'><strong>in</strong></span> <span class='ocrx_word' id='word_1_162' title='bbox 1224 1610 1297 1658; x_wconf 85' lang='lat' dir='ltr'><strong>his</strong></span> <span class='ocrx_word' id='word_1_163' title='bbox 1344 1612 1510 1661; x_wconf 85' lang='lat' dir='ltr'><strong>diserte</strong></span> <span class='ocrx_word' id='word_1_164' title='bbox 1544 1615 1644 1662; x_wconf 74' lang='lat' dir='ltr'><strong>lau-</strong></span> 
     </span>
     <span class='ocr_line' id='line_1_23' title="bbox 219 1677 1644 1742; baseline -0.006 -10"><span class='ocrx_word' id='word_1_165' title='bbox 219 1685 356 1731; x_wconf 89' lang='lat' dir='ltr'><strong>datur</strong></span> <span class='ocrx_word' id='word_1_166' title='bbox 387 1697 414 1727; x_wconf 86' lang='lat' dir='ltr'><strong>a</strong></span> <span class='ocrx_word' id='word_1_167' title='bbox 446 1677 670 1742; x_wconf 78' lang='lat' dir='ltr'><strong>Pausania</strong></span> <span class='ocrx_word' id='word_1_168' title='bbox 703 1677 772 1734; x_wconf 87' lang='lat' dir='ltr'><strong>(l.</strong></span> <span class='ocrx_word' id='word_1_169' title='bbox 796 1677 843 1730; x_wconf 79' lang='grc' dir='ltr'><strong>Ι,</strong></span> <span class='ocrx_word' id='word_1_170' title='bbox 886 1693 923 1723; x_wconf 88' lang='lat' dir='ltr'><strong>c.</strong></span> <span class='ocrx_word' id='word_1_171' title='bbox 952 1685 1028 1738; x_wconf 59' lang='lat'><strong>38,</strong></span> <span class='ocrx_word' id='word_1_172' title='bbox 1057 1691 1132 1738; x_wconf 82' lang='lat'><strong>39.</strong></span> <span class='ocrx_word' id='word_1_173' title='bbox 1170 1679 1267 1732; x_wconf 86' lang='lat' dir='ltr'><strong>IX,</strong></span> <span class='ocrx_word' id='word_1_174' title='bbox 1301 1694 1338 1726; x_wconf 87' lang='lat' dir='ltr'><strong>c.</strong></span> <span class='ocrx_word' id='word_1_175' title='bbox 1369 1681 1475 1741; x_wconf 85' lang='lat'>31.)</span> <span class='ocrx_word' id='word_1_176' title='bbox 1505 1683 1644 1730; x_wconf 85' lang='lat' dir='ltr'><strong>Cere..</strong></span> 
     </span>
     <span class='ocr_line' id='line_1_24' title="bbox 216 1742 1645 1806; baseline -0.001 -6"><span class='ocrx_word' id='word_1_177' title='bbox 216 1755 281 1801; x_wconf 86' lang='lat' dir='ltr'><strong>ris</strong></span> <span class='ocrx_word' id='word_1_178' title='bbox 316 1749 597 1800; x_wconf 84' lang='lat' dir='ltr'><strong>encomium,</strong></span> <span class='ocrx_word' id='word_1_179' title='bbox 633 1744 758 1806; x_wconf 88' lang='lat' dir='ltr'><strong>quod</strong></span> <span class='ocrx_word' id='word_1_180' title='bbox 788 1742 872 1790; x_wconf 89' lang='lat' dir='ltr'><strong>sub</strong></span> <span class='ocrx_word' id='word_1_181' title='bbox 908 1744 1088 1803; x_wconf 78' lang='lat' dir='ltr'><strong>Pamphi</strong></span> <span class='ocrx_word' id='word_1_182' title='bbox 1123 1748 1314 1795; x_wconf 85' lang='lat' dir='ltr'><strong>nomine</strong></span> <span class='ocrx_word' id='word_1_183' title='bbox 1351 1749 1645 1799; x_wconf 88' lang='lat' dir='ltr'><strong>circumfere-</strong></span> 
     </span>
     <span class='ocr_line' id='line_1_25' title="bbox 216 1812 1682 1875; baseline -0.001 -8"><span class='ocrx_word' id='word_1_184' title='bbox 216 1821 358 1866; x_wconf 87' lang='lat' dir='ltr'><strong>batur</strong></span> <span class='ocrx_word' id='word_1_185' title='bbox 382 1814 462 1875; x_wconf 87' lang='grc' dir='ltr'><strong>ο),</strong></span> <span class='ocrx_word' id='word_1_186' title='bbox 514 1813 572 1859; x_wconf 91' lang='lat' dir='ltr'><strong>ad</strong></span> <span class='ocrx_word' id='word_1_187' title='bbox 615 1814 745 1859; x_wconf 89' lang='lat' dir='ltr'><strong>cuius</strong></span> <span class='ocrx_word' id='word_1_188' title='bbox 774 1812 1027 1872; x_wconf 81' lang='lat' dir='ltr'><strong>exemplar,</strong></span> <span class='ocrx_word' id='word_1_189' title='bbox 1064 1812 1299 1868; x_wconf 89' lang='lat' dir='ltr'><strong>nostrum,</strong></span> <span class='ocrx_word' id='word_1_190' title='bbox 1337 1816 1643 1866; x_wconf 82' lang='lat' dir='ltr'><strong>Homericum</strong></span> <span class='ocrx_word' id='word_1_191' title='bbox 1679 1830 1682 1832; x_wconf 84' lang='grc'><strong>’</strong></span> 
     </span>
     <span class='ocr_line' id='line_1_26' title="bbox 215 1877 1641 1947; baseline -0.001 -14"><span class='ocrx_word' id='word_1_192' title='bbox 215 1888 362 1947; x_wconf 85' lang='lat' dir='ltr'><strong>vulgo</strong></span> <span class='ocrx_word' id='word_1_193' title='bbox 399 1884 600 1936; x_wconf 70' lang='lat' dir='ltr'><strong>distum,</strong></span> <span class='ocrx_word' id='word_1_194' title='bbox 642 1877 944 1941; x_wconf 84' lang='lat' dir='ltr'><strong>perscriptum</strong></span> <span class='ocrx_word' id='word_1_195' title='bbox 973 1879 1083 1934; x_wconf 84' lang='lat' dir='ltr'><strong>effe,</strong></span> <span class='ocrx_word' id='word_1_196' title='bbox 1133 1881 1192 1928; x_wconf 94' lang='lat' dir='ltr'><strong>ob</strong></span> <span class='ocrx_word' id='word_1_197' title='bbox 1216 1896 1429 1931; x_wconf 77' lang='lat' dir='ltr'><strong>narratae</strong></span> <span class='ocrx_word' id='word_1_198' title='bbox 1454 1884 1641 1933; x_wconf 87' lang='lat' dir='ltr'><strong>fabulae</strong></span> 
     </span>
     <span class='ocr_line' id='line_1_27' title="bbox 218 1945 1638 2010; baseline -0.001 -8"><span class='ocrx_word' id='word_1_199' title='bbox 218 1968 325 2002; x_wconf 85' lang='lat' dir='ltr'><strong>cum</strong></span> <span class='ocrx_word' id='word_1_200' title='bbox 361 1954 440 2005; x_wconf 88' lang='lat' dir='ltr'><strong>iis,</strong></span> <span class='ocrx_word' id='word_1_201' title='bbox 490 1965 611 2010; x_wconf 87' lang='lat' dir='ltr'><strong>quae</strong></span> <span class='ocrx_word' id='word_1_202' title='bbox 645 1964 671 1994; x_wconf 92' lang='lat' dir='ltr'><strong>e</strong></span> <span class='ocrx_word' id='word_1_203' title='bbox 701 1945 895 2007; x_wconf 85' lang='lat' dir='ltr'><strong>Pamphi</strong></span> <span class='ocrx_word' id='word_1_204' title='bbox 928 1946 1107 2007; x_wconf 87' lang='lat' dir='ltr'><strong>hymno</strong></span> <span class='ocrx_word' id='word_1_205' title='bbox 1143 1952 1356 1997; x_wconf 86' lang='lat' dir='ltr'><strong>enotauit</strong></span> <span class='ocrx_word' id='word_1_206' title='bbox 1377 1950 1638 2008; x_wconf 87' lang='lat' dir='ltr'><strong>Pausanias,</strong></span> 
     </span>
     <span class='ocr_line' id='line_1_28' title="bbox 217 2014 1642 2076; baseline -0.001 -6"><span class='ocrx_word' id='word_1_207' title='bbox 217 2019 624 2071; x_wconf 84' lang='lat' dir='ltr'><strong>conuenientiam,</strong></span> <span class='ocrx_word' id='word_1_208' title='bbox 665 2014 968 2076; x_wconf 82' lang='lat' dir='ltr'><strong>probabiliter</strong></span> <span class='ocrx_word' id='word_1_209' title='bbox 1010 2017 1200 2063; x_wconf 85' lang='lat' dir='ltr'><strong>coniicit</strong></span> <span class='ocrx_word' id='word_1_210' title='bbox 1239 2017 1559 2068; x_wconf 51' lang='lat' dir='ltr'><strong>Ruhnkenius»</strong></span> <span class='ocrx_word' id='word_1_211' title='bbox 1584 2021 1642 2069; x_wconf 85' lang='lat' dir='ltr'><strong>ad</strong></span> 
     </span>
     <span class='ocr_line' id='line_1_29' title="bbox 213 2081 1641 2150; baseline 0 -15"><span class='ocrx_word' id='word_1_212' title='bbox 213 2106 261 2139; x_wconf 85' lang='lat' dir='ltr'><strong>v.</strong></span> <span class='ocrx_word' id='word_1_213' title='bbox 289 2105 351 2150; x_wconf 85' lang='lat'><strong>99</strong></span> <span class='ocrx_word' id='word_1_214' title='bbox 383 2099 431 2134; x_wconf 90' lang='lat' dir='ltr'><strong>et</strong></span> <span class='ocrx_word' id='word_1_215' title='bbox 460 2099 565 2143; x_wconf 73' lang='lat'><strong>105.</strong></span> <span class='ocrx_word' id='word_1_216' title='bbox 663 2082 887 2129; x_wconf 86' lang='lat' dir='ltr'><strong>Fabulam</strong></span> <span class='ocrx_word' id='word_1_217' title='bbox 920 2081 1061 2142; x_wconf 84' lang='lat' dir='ltr'><strong>ipsam</strong></span> <span class='ocrx_word' id='word_1_218' title='bbox 1093 2083 1296 2145; x_wconf 89' lang='lat' dir='ltr'><strong>denique</strong></span> <span class='ocrx_word' id='word_1_219' title='bbox 1340 2089 1423 2147; x_wconf 89' lang='lat' dir='ltr'><strong>qui</strong></span> <span class='ocrx_word' id='word_1_220' title='bbox 1459 2104 1641 2135; x_wconf 86' lang='lat' dir='ltr'><strong>accura-</strong></span> 
     </span>
     <span class='ocr_line' id='line_1_30' title="bbox 212 2149 1639 2218; baseline -0.001 -11"><span class='ocrx_word' id='word_1_221' title='bbox 212 2160 309 2207; x_wconf 88' lang='lat' dir='ltr'><strong>tius</strong></span> <span class='ocrx_word' id='word_1_222' title='bbox 341 2150 618 2218; x_wconf 87' lang='lat' dir='ltr'><strong>cognoscere</strong></span> <span class='ocrx_word' id='word_1_223' title='bbox 650 2153 825 2212; x_wconf 85' lang='lat' dir='ltr'><strong>cupiat,</strong></span> <span class='ocrx_word' id='word_1_224' title='bbox 882 2151 920 2196; x_wconf 88' lang='lat' dir='ltr'><strong>is</strong></span> <span class='ocrx_word' id='word_1_225' title='bbox 958 2150 1092 2199; x_wconf 84' lang='lat' dir='ltr'><strong>adeat</strong></span> <span class='ocrx_word' id='word_1_226' title='bbox 1127 2149 1317 2199; x_wconf 86' lang='lat' dir='ltr'><strong>Pausan.</strong></span> <span class='ocrx_word' id='word_1_227' title='bbox 1355 2154 1386 2200; x_wconf 89' lang='lat'><strong>1.</strong></span> <span class='ocrx_word' id='word_1_228' title='bbox 1422 2172 1458 2202; x_wconf 88' lang='lat' dir='ltr'><strong>c.</strong></span> <span class='ocrx_word' id='word_1_229' title='bbox 1491 2157 1639 2204; x_wconf 88' lang='lat' dir='ltr'><strong>Ouid.</strong></span> 
     </span>
     <span class='ocr_line' id='line_1_31' title="bbox 213 2218 1637 2282; baseline -0.004 -7"><span class='ocrx_word' id='word_1_230' title='bbox 213 2225 330 2275; x_wconf 86' lang='lat' dir='ltr'><strong>Fast.</strong></span> <span class='ocrx_word' id='word_1_231' title='bbox 361 2226 458 2275; x_wconf 80' lang='lat' dir='ltr'><strong>IV,</strong></span> <span class='ocrx_word' id='word_1_232' title='bbox 495 2235 516 2279; x_wconf 89' lang='lat'><em>5</em></span> <span class='ocrx_word' id='word_1_233' title='bbox 530 2235 592 2282; x_wconf 88' lang='lat'><strong>54</strong></span> <span class='ocrx_word' id='word_1_234' title='bbox 616 2218 709 2278; x_wconf 87' lang='lat' dir='ltr'><strong>sqq.</strong></span> <span class='ocrx_word' id='word_1_235' title='bbox 763 2219 942 2278; x_wconf 87' lang='lat' dir='ltr'><strong>Hygin.</strong></span> <span class='ocrx_word' id='word_1_236' title='bbox 978 2218 1026 2264; x_wconf 87' lang='lat' dir='ltr'><strong>F.</strong></span> <span class='ocrx_word' id='word_1_237' title='bbox 1062 2222 1166 2280; x_wconf 86' lang='lat'><em>146.</em></span> <span class='ocrx_word' id='word_1_238' title='bbox 1202 2232 1282 2281; x_wconf 86' lang='lat'><strong>47.</strong></span> <span class='ocrx_word' id='word_1_239' title='bbox 1328 2238 1435 2281; x_wconf 85' lang='lat' dir='ltr'><strong>prae</strong></span> <span class='ocrx_word' id='word_1_240' title='bbox 1472 2227 1637 2271; x_wconf 86' lang='lat' dir='ltr'><strong>ceteris</strong></span> 
     </span>
     <span class='ocr_line' id='line_1_32' title="bbox 212 2284 1639 2353; baseline -0.004 -11"><span class='ocrx_word' id='word_1_241' title='bbox 212 2309 327 2342; x_wconf 87' lang='lat' dir='ltr'><strong>vero</strong></span> <span class='ocrx_word' id='word_1_242' title='bbox 367 2288 583 2353; x_wconf 85' lang='lat' dir='ltr'><strong>Apollod.</strong></span> <span class='ocrx_word' id='word_1_243' title='bbox 613 2287 662 2340; x_wconf 85' lang='lat' dir='ltr'><strong>I,</strong></span> <span class='ocrx_word' id='word_1_244' title='bbox 703 2303 738 2332; x_wconf 89' lang='lat' dir='ltr'><strong>c.</strong></span> <span class='ocrx_word' id='word_1_245' title='bbox 768 2300 807 2345; x_wconf 86' lang='lat'><strong>5.</strong></span> <span class='ocrx_word' id='word_1_246' title='bbox 849 2285 1009 2347; x_wconf 89' lang='lat' dir='ltr'><strong>ibique</strong></span> <span class='ocrx_word' id='word_1_247' title='bbox 1039 2284 1379 2336; x_wconf 86' lang='lat' dir='ltr'><strong>subtiliffimum</strong></span> <span class='ocrx_word' id='word_1_248' title='bbox 1413 2288 1554 2339; x_wconf 81' lang='lat' dir='ltr'><strong>huius</strong></span> <span class='ocrx_word' id='word_1_249' title='bbox 1585 2304 1639 2340; x_wconf 81' lang='lat' dir='ltr'><strong>vt</strong></span> 
     </span>
     <span class='ocr_line' id='line_1_33' title="bbox 214 2353 1634 2418; baseline -0.003 -7"><span class='ocrx_word' id='word_1_250' title='bbox 214 2364 425 2410; x_wconf 87' lang='lat' dir='ltr'><strong>omnium</strong></span> <span class='ocrx_word' id='word_1_251' title='bbox 459 2359 760 2418; x_wconf 86' lang='lat' dir='ltr'><strong>antiquarum</strong></span> <span class='ocrx_word' id='word_1_252' title='bbox 786 2353 1054 2402; x_wconf 85' lang='lat' dir='ltr'><strong>fabularum</strong></span> <span class='ocrx_word' id='word_1_253' title='bbox 1090 2356 1400 2417; x_wconf 86' lang='lat' dir='ltr'><strong>Interpretem</strong></span> <span class='ocrx_word' id='word_1_254' title='bbox 1438 2361 1490 2407; x_wconf 91' lang='lat' dir='ltr'><strong>in</strong></span> <span class='ocrx_word' id='word_1_255' title='bbox 1517 2360 1634 2407; x_wconf 89' lang='lat' dir='ltr'><strong>Not.</strong></span> 
     </span>
    </p>
   </div>
   <div class='ocr_carea' id='block_1_3' title="bbox 208 2425 1636 2594">
    <p class='ocr_par' dir='ltr' id='par_1_3' title="bbox 208 2425 1636 2594">
     <span class='ocr_line' id='line_1_34' title="bbox 208 2425 961 2492; baseline -0.015 -13"><span class='ocrx_word' id='word_1_256' title='bbox 208 2430 270 2479; x_wconf 79' lang='lat' dir='ltr'><strong>ad</strong></span> <span class='ocrx_word' id='word_1_257' title='bbox 308 2426 521 2492; x_wconf 88' lang='lat' dir='ltr'><strong>Apollod.</strong></span> <span class='ocrx_word' id='word_1_258' title='bbox 560 2426 674 2478; x_wconf 85' lang='lat' dir='ltr'><strong>P.1‚</strong></span> <span class='ocrx_word' id='word_1_259' title='bbox 711 2440 755 2484; x_wconf 86' lang='lat' dir='ltr'><strong>p.</strong></span> <span class='ocrx_word' id='word_1_260' title='bbox 781 2425 961 2483; x_wconf 87' lang='lat'>55-67.</span> 
     </span>
     <span class='ocr_line' id='line_1_35' title="bbox 1502 2537 1636 2594; baseline -0.007 -9"><span class='ocrx_word' id='word_1_261' title='bbox 1502 2537 1636 2594; x_wconf 81' lang='lat' dir='ltr'><strong>Qae</strong></span> 
     </span>
    </p>
   </div>
   <div class='ocr_carea' id='block_1_4' title="bbox 280 2647 1189 2707">
    <p class='ocr_par' dir='ltr' id='par_1_4' title="bbox 280 2647 1189 2707">
     <span class='ocr_line' id='line_1_36' title="bbox 280 2647 1189 2707; baseline -0.003 -15"><span class='ocrx_word' id='word_1_262' title='bbox 280 2657 326 2707; x_wconf 73' lang='grc' dir='ltr'><strong>ο)</strong></span> <span class='ocrx_word' id='word_1_263' title='bbox 350 2654 456 2692; x_wconf 81' lang='lat' dir='ltr'><strong>Aliud</strong></span> <span class='ocrx_word' id='word_1_264' title='bbox 483 2656 606 2703; x_wconf 73' lang='lat' dir='ltr'><strong>Musaei</strong></span> <span class='ocrx_word' id='word_1_265' title='bbox 632 2654 687 2690; x_wconf 86' lang='lat' dir='ltr'><strong>cit.</strong></span> <span class='ocrx_word' id='word_1_266' title='bbox 714 2668 733 2689; x_wconf 86' lang='lat' dir='ltr'><strong>a</strong></span> <span class='ocrx_word' id='word_1_267' title='bbox 758 2647 891 2691; x_wconf 74' lang='lat' dir='ltr'><strong>Pausan.</strong></span> <span class='ocrx_word' id='word_1_268' title='bbox 916 2654 974 2695; x_wconf 82' lang='lat' dir='ltr'><strong>lv.</strong></span> <span class='ocrx_word' id='word_1_269' title='bbox 1000 2662 1013 2689; x_wconf 87' lang='lat'>1</span> <span class='ocrx_word' id='word_1_270' title='bbox 1029 2678 1038 2695; x_wconf 91' lang='lat'><strong>,</strong></span> <span class='ocrx_word' id='word_1_271' title='bbox 1068 2665 1097 2700; x_wconf 87' lang='lat' dir='ltr'><strong>p.</strong></span> <span class='ocrx_word' id='word_1_272' title='bbox 1113 2657 1189 2695; x_wconf 82' lang='lat'>281.</span> 
     </span>
    </p>
   </div>
  </div>
 </body>
</html>
